1937 3075
949 239 999 275 92

400 382 460 411 ους
478 386 528 401 ---
561 376 610 416 y,
651 367 753 419 quod
792 368 1055 421 compendium
1082 382 1158 408 non
1188 371 1335 407 tantum
1369 368 1607 421 suprascribi-

344 445 406 480 tur
434 440 499 479 sed
526 454 636 493 saepe
664 441 778 480 etiam
805 441 1004 480 ascribitur
1031 455 1063 481 e.
1080 455 1111 481 c.
1142 441 1178 490 ὄρ
1195 427 1228 470 y
1244 440 1422 489 εὔρους.

398 527 526 552 ουν--
546 519 593 564 g,
640 513 903 567 compendium
946 514 1182 554 simillimum
1223 513 1351 554 literae
1391 530 1409 563 ρ
1449 513 1607 567 ideoque

344 601 451 640 saepe
479 601 547 640 pro
577 602 594 636 ρ
624 587 795 627 habitum
824 601 855 627 e.
872 601 903 627 c.
934 577 1029 635 ἦρ’-ξ’
1045 607 1095 622 =
1113 588 1240 636 ἤγουν.

400 677 445 700 ων
464 674 584 701 :A
612 661 669 700 vel
689 677 737 699 rx
763 664 801 700 et
829 674 913 699 cum
943 665 1117 701 accentu:
1155 666 1198 710 7<
1233 675 1264 701 e.
1284 675 1315 700 c.
1346 661 1607 710 ἀνθρώπήε

344 735 562 784 ἀνθρώπων,
593 721 724 784 πυιρκ7<

745 753 795 768 --
812 734 952 782 παρών.

401 822 448 850 ως
466 826 515 841 =
536 825 583 846 w
603 806 663 846 vel
680 806 712 845 si
727 807 768 845 in
779 793 917 845 lineam
931 805 1149 845 immittitur
1179 810 1207 850 ἦ
1237 820 1270 846 e.
1286 820 1318 846 c.
1343 798 1537 854 fixo-125³*
1557 826 1608 842 =

345 880 561 928 βασιλέως,
588 879 604 895 ‘¹
622 883 650 926 ἦ
664 894 706 918 τε
724 898 773 913 =
790 878 900 918 ὥστε.

401 953 521 992 Valde
555 953 698 992 salubre
733 957 770 992 et
808 953 1033 1006 frugiferum
1070 956 1126 992 est
1161 954 1251 993 haec
1289 954 1413 993 omnia
1460 958 1498 994 et
1539 954 1609 994 alia

346 1027 549 1074 nonnulla,
594 1040 688 1078 quae
725 1027 822 1079 typis
860 1027 1124 1079 repraesentari
1163 1041 1237 1066 non
1275 1032 1435 1080 possunt
1473 1030 1524 1080 ¹),
1564 1042 1610 1068 ex

347 1101 438 1153 ipsis
473 1101 578 1140 libris
611 1100 810 1152 diligenter
847 1100 1078 1148 observasse,
1107 1101 1409 1153 singularumque
1437 1106 1610 1141 notarum

347 1178 465 1213 certas
508 1173 692 1226 imagines
735 1174 858 1212 animo
900 1173 1056 1213 firmiter
1093 1174 1226 1213 infixas
1263 1177 1398 1214 tenere.
1462 1175 1536 1215 Sed
1578 1174 1610 1214 is

348 1248 497 1286 demum
534 1247 628 1285 clare
666 1247 868 1294 discernet,
914 1248 980 1297 qui
1017 1246 1133 1298 probe
1175 1247 1323 1298 cognita
1359 1246 1469 1286 habet
1497 1247 1610 1286 Grae-

349 1319 475 1359 citatis
498 1322 671 1358 naturam
697 1322 733 1358 et
762 1332 885 1358 usum.
943 1318 1063 1358 Rudis
1092 1318 1192 1357 enim
1220 1322 1257 1357 et
1281 1318 1476 1371 imperitus
1501 1319 1611 1358 homo

349 1392 389 1430 in
428 1391 692 1443 compendiosa
726 1390 908 1442 scriptura
946 1391 1002 1429 vel
1039 1391 1355 1436 exercitatissimis
1388 1391 1504 1430 oculis
1533 1405 1612 1431 cae·

351 1464 488 1510 cutiet3
533 1463 674 1502 Graece
722 1463 871 1511 doctus,
916 1462 1004 1501 licet
1041 1462 1079 1500 in
1119 1463 1247 1514 aliquo
1275 1462 1369 1502 libro
1399 1464 1617 1516 compendia

353 1536 505 1575 omnino
538 1535 796 1584 evanuissent,
833 1535 986 1587 lacunas
1015 1537 1159 1584 tamen,
1195 1539 1237 1575 ut
1265 1535 1305 1575 in
1334 1536 1459 1588 lingua
1488 1550 1616 1576 verna-

353 1609 455 1655 cula,
486 1608 585 1646 haud
615 1607 810 1646 difficulter
840 1607 885 1645 de
914 1620 983 1645 suo
1014 1607 1214 1658 suppleret.

407 1680 569 1720 Transeo
597 1680 644 1720 ad
672 1680 887 1719 usitatiores
919 1680 1134 1731 particulas.

408 1753 631 1805 Saepissime
669 1752 953 1791 confunduntur
988 1753 1033 1797 ἢ,
1066 1753 1169 1800 καὶ,
1201 1753 1271 1795 ὣς.
1338 1753 1451 1801 Quod
1486 1757 1619 1805 sponte

354 1826 524 1878 sequitur
553 1839 599 1864 ex
635 1825 682 1864 iis
718 1839 812 1876 quae
841 1825 1004 1864 diximus
1041 1825 1085 1864 de
1124 1825 1353 1878 compendiis
1390 1841 1437 1864 σει
1477 1831 1515 1865 et
1550 1841 1618 1869 ως.

356 1899 417 1937 Sic
454 1898 576 1936 Schol.
615 1898 655 1935 in
685 1897 757 1936 Od.
789 1904 814 1937 Ξ
847 1911 881 1936 v.
913 1899 990 1936 230
1021 1897 1178 1936 solemni
1208 1911 1328 1936 errore
1359 1898 1502 1938 editur:
1533 1899 1619 1937 καὶ

358 1970 586 2014 Θουκυδίδης
620 1970 742 2018 <Duo->3
775 1975 817 2009 tu
846 1970 928 2022 lege
957 1970 1011 2012 ὡς
1043 1975 1090 2008 Θ.
1122 1975 1168 2019 φ.

415 2044 460 2083 In
496 2043 636 2082 Athen.
665 2042 751 2081 Lib.
782 2042 904 2090 XIII,
935 2057 971 2094 p.
999 2044 1074 2081 592
1101 2044 1129 2082 f.
1173 2043 1245 2081 iam
1272 2057 1384 2094 supra
1411 2044 1623 2082 monuimus

359 2117 403 2156 de
447 2115 701 2167 dittographia
747 2114 858 2165 (Vide
901 2113 989 2166 Cap.
1029 2114 1063 2165 I)
1109 2114 1154 2153 ab
1193 2114 1397 2154 editoribus
1434 2129 1509 2154 non
1547 2116 1624 2155 aui-

361 2189 564 2229 madversa.

408 2424 432 2466 ¹)
467 2421 505 2456 Ε.
518 2433 546 2456 o.
562 2419 753 2464 compendia
764 2430 880 2453 vocum
896 2419 1087 2453 exeuntium
1104 2418 1138 2451 in
1155 2430 1294 2456 -τητος,
1309 2431 1422 2456 -τητι,
1438 2431 1551 2455 -τητα
1568 2421 1631 2454 etc.

363 2480 506 2527 (τιιτσς)
532 2481 666 2519 arnan,
694 2479 840 2520 -τῆριῡν,
867 2477 942 2512 alia.
