1937 3075
945 281 993 317 61

404 405 508 445 Haec
535 407 580 446 de
608 422 655 455 x,
693 421 754 452 αι,
789 420 837 445 av
868 405 1073 455 suffic-iant,
1112 407 1143 445 si
1176 407 1247 447 hoc
1283 421 1398 447 unum
1436 407 1606 459 epimetri

349 476 465 516 instar
492 477 667 517 addidero
705 478 821 517 fuisse
863 477 948 516 olim
992 477 1170 517 editorem
1214 479 1425 527 Strabonis,
1466 479 1531 530 qui
1565 483 1608 518 ut

348 549 455 602 plura
484 551 642 590 ridicule
670 551 725 590 sic
751 550 856 589 Tom.
885 549 965 599 VI,
994 564 1032 602 p.
1063 552 1141 589 554,
1163 552 1193 602 1)
1231 551 1320 590 satis
1356 552 1471 591 stulte
1500 552 1610 591 finxit

348 622 486 663 variam
529 623 728 663 lectionem
770 622 970 662 διαύθεσιν.
1039 622 1073 662 O
1110 622 1273 676 lepidum
1317 628 1448 677 caput,
1496 638 1609 677 quam

348 696 478 736 vellem
508 697 630 736 adhuc
657 697 697 736 in
724 697 824 736 vivis
853 711 951 737 esses
979 701 1024 736 ut
1050 711 1182 736 nasum
1221 697 1391 737 criticum
1429 697 1501 737 tibi
1529 712 1609 750 gra-

346 769 501 809 tularer!
544 769 615 810 Sed
639 769 780 810 dudum
805 769 1030 810 descendisti
1059 769 1158 810 unde
1182 774 1320 823 negant
1342 769 1461 810 redire
1482 783 1609 821 quem·

346 856 457 893 quam
487 848 599 894 atque
630 844 691 882 vix
720 844 818 882 ullus
846 847 1012 895 superest
1040 843 1097 881 tui
1128 843 1273 882 similis.

401 931 426 954 x
456 916 693 968 productiore
720 916 855 956 lineola
884 916 1110 955 instructum
1140 916 1181 954 in
1211 915 1339 955 multis
1366 915 1470 955 libris
1497 915 1609 955 etiam

346 1004 371 1027 ω
405 989 511 1028 valde
541 989 661 1028 simile
690 993 757 1029 est.
815 990 883 1029 Bis
911 989 997 1028 inde
1024 993 1217 1041 peccatum
1245 989 1346 1041 apud
1376 989 1608 1041 Hesychium

345 1061 384 1100 in
412 1075 503 1101 voce
531 1062 670 1107 Μήδεαι
690 1064 720 1114 2)
749 1062 813 1102 ubi
848 1063 963 1102 codex
997 1061 1212 1102 Marcianus
1248 1061 1359 1102 habet
1386 1062 1512 1109 μήδεαι
1545 1077 1606 1101 τε·

344 1133 504 1183 ξερύσικς
534 1142 587 1172 λοι
619 1134 638 1180 ἢ
670 1135 777 1174 κυσὶν
809 1134 910 1183 ἅμα
939 1135 1093 1174 δάσουσ.
1151 1134 1296 1175 Locum
1323 1135 1491 1175 restituit
1517 1135 1606 1174 Mu-

343 1222 451 1247 surus
479 1208 519 1247 in
547 1213 710 1261 tempore
737 1209 951 1248 recordatus
978 1208 1051 1248 Od.
1082 1215 1138 1257 Σ,
1169 1210 1233 1249 87.

451 1319 576 1367 μήδεά
605 1321 642 1359 τ’
663 1320 843 1370 ἐξερύσας
875 1319 966 1369 δῴη
996 1319 1103 1359 κυσὶν
1134 1319 1237 1366 ὠμὰ
1268 1319 1473 1359 δάσασθαι.

397 1429 512 1482 Saepe
548 1444 573 1468 οι
611 1429 780 1469 habitum
819 1434 875 1469 est
910 1444 978 1482 pro
1017 1445 1047 1469 ει
1078 1434 1115 1469 et
1142 1444 1183 1469 ευ
1222 1429 1253 1468 si
1290 1430 1387 1469 linea
1419 1443 1512 1482 quae
1540 1429 1603 1469 ad-

343 1502 469 1542 haeret
497 1506 535 1542 et
571 1516 727 1555 superne
764 1506 801 1542 et
838 1503 981 1542 inferne
1008 1503 1107 1542 iusto
1135 1506 1192 1541 est
1218 1502 1377 1554 longior.
1433 1502 1532 1541 Nam
1562 1502 1602 1541 in

342 1575 586 1628 diphthongis
615 1590 645 1614 ει
676 1579 714 1614 et
741 1590 781 1614 ευ
815 1575 922 1614 litera
949 1590 966 1614 ε
995 1575 1120 1614 induit
1153 1574 1310 1613 formam
1339 1574 1465 1626 exigui
1493 1574 1601 1613 semi-

342 1647 490 1686 circelli.

395 1719 575 1759 Confusio
614 1734 640 1757 οι
678 1723 715 1758 et
753 1734 783 1758 ει
823 1723 948 1758 autem
975 1718 1160 1772 imprimis
1188 1718 1350 1757 occurrit
1376 1719 1417 1757 in
1445 1718 1601 1757 vocibus

340 1792 571 1844 perantiquis
599 1797 636 1831 et
664 1791 841 1831 obsoletis
870 1805 964 1843 quae
994 1806 1015 1831 a
1043 1791 1310 1831 recentioribus
1338 1790 1498 1829 librariis
1525 1805 1601 1830 non

339 1868 437 1904 recte
478 1863 795 1916 intelligebantur.
852 1864 965 1914 Quod
1007 1863 1155 1916 egregie
1196 1863 1358 1903 cernitur
1400 1863 1441 1902 in
1478 1863 1600 1904 verbis

340 1938 555 1978 contractis
612 1938 819 1986 Τιμεῑσθικι
859 1937 924 1989 qui
962 1937 1098 1977 scribat
1131 1951 1197 1990 pro
1225 1937 1412 1985 τιμᾶσθαι
1442 1950 1516 1977 non
1544 1951 1600 1977 re·
1645 1973 1647 1975 .

339 2009 459 2062 perias
486 2010 550 2048 sed
587 2010 857 2057 παλαμεῖσθοιι
887 2023 954 2062 pro
994 2010 1280 2056 παλαμᾶσθαι,
1324 2010 1597 2058 μαρτυρεῖσθαι

337 2097 404 2136 pro
433 2083 699 2132 μοιρτῦροισθαι
729 2083 867 2136 passim
891 2086 1101 2122 occurrunt.
1156 2082 1260 2122 Utile
1296 2083 1506 2134 exemplum
1533 2083 1598 2121 h'a-

337 2155 403 2196 bes
443 2156 483 2196 in
510 2155 688 2197 vocabulo
726 2155 816 2203 ἄτη.
875 2155 991 2209 Fugit
1028 2154 1198 2195 indoctos
1233 2154 1370 2195 scribas
1411 2154 1597 2207 sequioris

337 2228 420 2267 aevi
462 2242 573 2281 quam
616 2229 692 2268 vim
734 2230 869 2268 habeat
910 2229 1110 2267 Homerica
1151 2228 1214 2266 illa
1238 2228 1341 2272 ’'Aa-n
1382 2229 1401 2273 ἦ
1441 2227 1594 2271 πάντας

379 2417 404 2460 ¹)
440 2418 501 2455 τῆς
536 2413 573 2449 δὲ
608 2416 824 2454 κατασκευῆς
863 2414 928 2447 τῶν
955 2413 1044 2455 ἱερῶν
1070 2411 1087 2451 ἦ
1113 2410 1259 2452 διάθεσις
1286 2413 1444 2451 τοιαύτη.
1495 2412 1593 2458 (Vide

336 2469 414 2504 edit.
437 2464 532 2514 Greg.
556 2470 702 2503 Corinth.
725 2482 758 2514 p.
781 2470 845 2502 952
867 2469 902 2501 in
923 2467 1062 2511 Indice).

378 2523 403 2566 2)
439 2522 488 2556 Cf.
511 2520 600 2556 Edit.
624 2520 797 2556 Schmidtii
817 2521 852 2555 in
873 2532 962 2556 voce.
