1937 3075
954 277 1002 311 55

397 401 589 441 Contrario
626 415 746 441 errore
779 405 972 455 peecatum
1010 407 1066 442 est
1102 405 1142 441 in
1179 402 1367 456 Euripidis
1400 401 1600 441 Alcestidis

344 491 379 516 v.
397 478 472 516 552
503 477 712 516 ioculariter
740 479 933 528 corrupto,
963 480 1005 515 ut
1035 477 1171 515 mirum
1199 476 1293 514 mihi
1323 476 1492 515 videatur
1525 489 1600 527 quo

344 552 451 601 pacto
483 549 716 588 manifestum
755 548 932 595 mendum
966 547 1126 588 editores
1159 549 1205 587 ad
1231 549 1331 588 hunc
1357 563 1473 601 usque
1501 548 1600 588 diem

343 622 496 673 fugerit.
525 622 749 670 Admetum,
779 635 865 661 cum
892 621 1056 674 hospitio
1079 622 1241 673 recipere
1270 622 1349 660 vult
1376 621 1598 670 Herculem,

344 694 478 733 chorus
516 694 682 733 oratione
716 693 877 746 pedestri
912 697 949 733 et
988 693 1178 746 tragoedia
1211 692 1362 732 omnino
1389 693 1546 746 indigna
1570 695 1601 745 1)

345 767 399 808 ita
427 767 646 821 alloquitur:

507 871 547 912 τί
575 872 687 924 δρᾷςς
717 873 896 920 τοιαύτης
928 875 1131 924 συμφορᾶς
1161 871 1421 923 προκειμένης,

504 946 706 994 ”Λδμητε,
733 951 884 997 τολμᾷς
914 947 1142 994 ξενοδοκεῖν;
1173 947 1217 986 τί
1244 948 1389 996 μῶρος
1421 944 1483 991 εἷς

397 1057 526 1097 Laudo
550 1057 722 1109 equidem
736 1057 968 1110 diligentiam
992 1057 1128 1097 attenti
1149 1056 1274 1096 neseio
1303 1056 1409 1096 cuius
1435 1055 1604 1104 lectoris,

343 1145 453 1183 quem
495 1131 535 1169 in
578 1130 744 1184 margine
786 1134 953 1170 vetustae
982 1129 1177 1170 'editionis
1193 1140 1204 1148 ·
1227 1133 1423 1169 annotasse
1463 1129 1603 1182 reperi:

336 1203 392 1243 τΗ
421 1208 540 1254 μῶρος
570 1202 622 1250 εἷς
667 1205 767 1244 Nam
806 1204 889 1256 quis
917 1218 1097 1255 umquam
1128 1217 1332 1256 pronomen
1359 1202 1406 1242 τί
1434 1203 1487 1242 sie
1515 1216 1619 1243 eum».

343 1277 527 1316 adieetivo
555 1278 796 1317 coniunctum
823 1277 947 1316 vidit?

398 1355 431 1388 H
467 1364 576 1402 saepe
613 1350 820 1389 habuerunt
857 1364 924 1402 pro
953 1354 989 1388 N
1019 1350 1102 1389 viee
1130 1363 1257 1398 versa,
1289 1350 1322 1388 si
1349 1363 1426 1388 non
1455 1363 1604 1401 appare·

343 1425 400 1461 ret
436 1425 604 1461 rectusne
646 1426 741 1461 esset
783 1421 927 1460 medius
968 1421 1103 1461 duetus
1145 1435 1192 1460 an
1235 1421 1421 1473 obliquus.
1486 1421 1600 1470 Quod

344 1495 526 1546 imprimis
554 1495 593 1533 in
631 1495 842 1533 nominibus
870 1495 1028 1546 propriis
1056 1495 1208 1533 factum.
1266 1495 1328 1533 Sic
1357 1495 1457 1545 apud
1485 1495 1600 1533 Diod.

342 1566 457 1607 Sioul.
496 1566 537 1607 Τ.
572 1566 613 1616 Ι,
657 1581 693 1620 p.
730 1567 809 1606 384
850 1580 987 1607 nomen
1027 1566 1155 1606 matris
1195 1566 1383 1620 Apollinis
1426 1566 1520 1607 abiit
1561 1566 1602 1607 in

343 1634 553 1680 ἈΜ-οῦν.
1509 1632 1517 1635 .

397 1714 493 1754 Vide
521 1717 707 1767 praeterea
735 1713 942 1754 Porsonum
973 1715 1164 1765 (Adverss.
1200 1729 1236 1767 p.
1269 1714 1362 1765 140)
1391 1714 1432 1753 in
1462 1714 1598 1753 Athen.

341 1800 422 1838 pag.
457 1788 531 1826 700
556 1787 582 1825 f.
611 1786 649 1824 in
680 1786 867 1838 integrum
894 1787 1153 1826 restituentem
1182 1800 1332 1825 versum
1362 1786 1553 1838 Philyllii:

451 1897 515 1934 καὶ
545 1897 687 1944 λύχνον
717 1897 869 1944 δίμυξον
898 1897 983 1935 οἴσω
1014 1897 1077 1934 ux)
1108 1897 1300 1945 θρυαλλίδ’
1331 1897 1381 1940 ἢν
1411 1897 1499 1946 δέῃ.

339 2008 453 2046 Liber
481 2007 563 2047 MS.
592 2007 704 2046 habet
733 2007 903 2052 ἠνδενί.

396 2080 442 2119 In
470 2080 568 2120 Plat.
597 2080 736 2119 Phaed.
761 2094 845 2132 pag.
873 2081 919 2120 87
939 2079 988 2128 B,
1015 2079 1057 2119 C.
1088 2103 1140 2109 -—
1168 2079 1231 2118 καὶ
1264 2079 1298 2119 εἴ
1324 2094 1381 2123 τις
1411 2080 1599 2118 ἀπιστῶν

340 2153 443 2200 αὐτῷ
480 2150 687 2201 ἀνερωτῴη,
727 2155 825 2190 recte
862 2151 1056 2190 Dobraeus
1091 2151 1189 2190 Adv.
1219 2151 1259 2199 I,
1297 2165 1334 2202 p.
1367 2153 1440 2189 151
1479 2151 1596 2190 ἀπισ-

384 2356 407 2397 1)
441 2353 551 2386 Habet
571 2353 630 2387 hoc
655 2352 827 2396 Euripides
848 2352 1010 2385 interdum
1033 2353 1071 2383 ut
1093 2351 1128 2383 in
1151 2361 1277 2383 summo
1299 2350 1504 2393 eloquentiae
1531 2354 1599 2384 stu-

338 2406 391 2440 dio
419 2416 596 2439 sermonem
619 2404 842 2448 quotidianum
870 2403 1004 2437 misceat
1027 2402 1133 2436 verbis
1157 2402 1334 2447 splendidis
1353 2406 1385 2437 et
1409 2403 1600 2451 magnificis·

339 2463 423 2496 Vide
454 2461 629 2504 γεύματος
656 2460 753 2493 {usna
784 2461 891 2504 Iphig.
923 2460 957 2492 in
989 2460 1062 2493 Aul.
1092 2471 1122 2492 v.
1145 2461 1210 2491 454
1240 2460 1298 2492 ubi
1332 2460 1379 2492 ita.
1413 2459 1597 2501 loquentem

340 2521 421 2556 facit
446 2521 739 2566 Agamemnonem:
771 2515 850 2557 εἶεν,
879 2519 916 2552 τί
941 2515 1036 2562 Φῆσω
1063 2518 1141 2561 προς
1168 2515 1332 2560 δοίμκρτει
1359 2520 1421 2556 viv
1445 2515 1539 2560 ἐμῆν;
