1937 3075
979 233 1003 269 8

359 362 571 415 pitudinem
593 363 718 402 inurat
739 361 924 402 universis
942 361 1170 416 disciplinis,
1198 363 1253 402 ita
1271 365 1316 402 ut
1339 375 1434 415 quae
1456 361 1503 401 ab
1526 374 1617 401 uno·

362 449 510 488 quoque
537 435 636 475 inter
658 449 801 475 summa
828 435 926 475 bona
953 439 1076 475 essent
1103 436 1272 476 habenda
1298 450 1342 476 ea
1369 448 1468 475 nunc
1494 433 1617 488 paullo

360 507 628 548 infirmioribus
658 508 799 560 (quales
827 509 937 548 multi
965 510 1066 560 sunt)
1096 522 1246 561 prorsus
1274 522 1445 561 perversa
1470 508 1619 548 videan-

361 585 424 619 tur
456 584 495 620 et
522 581 675 620 omnino
702 580 922 621 abiicienda.
977 581 1124 620 Bonum
1153 580 1292 620 factum
1321 582 1421 632 quod
1449 581 1527 620 dies
1545 581 1619 619 .ho·

362 652 505 693 minum
534 657 743 693 commenta
766 654 881 693 delet:
911 667 985 705 quo
1009 652 1223 692 absurdiora
1244 667 1288 691 eo
1317 653 1466 692 certius.
1512 653 1620 691 Hanc

362 725 482 778 igitur
515 725 688 765 eximiam
727 726 904 778 temporis
938 725 1159 764 medicinam
1192 724 1292 764 bono
1319 725 1445 764 animo
1473 738 1620 776 exspec-

362 801 498 838 tamus.

417 870 478 910 Ab
511 874 571 910 tot
608 871 819 923 ineptorum
855 871 1066 924 arrogantia
1107 875 1219 923 atque
1254 870 1404 910 levitate
1440 873 1620 921 quantum

360 943 485 983 differt
521 945 706 983 doctorum
741 945 901 996 flagrans
933 944 994 983 ille
1029 943 1199 983 veritatis
1237 956 1339 982 amor
1380 941 1622 993 studiumque

362 1015 588 1055 indefessum
630 1030 716 1055 cum
762 1016 914 1055 amabili
956 1015 1136 1055 modestia
1179 1015 1419 1054 coniunctum
1462 1014 1622 1066 primum
1681 1031 1685 1036 ²

362 1087 488 1127 omnia
516 1100 601 1126 cum
623 1088 835 1139 pulvisculo
864 1088 1100 1136 excutiendi,
1133 1087 1267 1126 deinde
1308 1087 1372 1126 diu
1399 1091 1438 1126 et
1465 1086 1624 1126 multum

361 1160 614 1213 perpendendi
637 1164 680 1199 ut
708 1161 761 1200 sic
782 1161 931 1200 demum
951 1161 1066 1200 firmis
1090 1160 1340 1200 fundamentis
1370 1164 1625 1212 superstruant

363 1233 480 1272 solida
508 1237 546 1272 et
579 1233 765 1273 duratura.
823 1233 932 1273 Hanc
962 1234 1102 1286 regiam
1132 1233 1232 1272 viam
1260 1233 1477 1272 institerunt
1506 1233 1625 1286 philo-

365 1306 536 1357 logorum
570 1306 804 1345 admirabiles
830 1307 885 1344 illi
912 1308 1117 1358 principes,
1146 1306 1326 1354 δαιμόνιοι
1355 1306 1503 1355 ἄνδρες,
1535 1320 1627 1358 quos

366 1378 526 1431 protulit
556 1378 695 1431 Anglia
723 1379 908 1432 imprimis
936 1384 973 1419 et
1010 1380 1130 1432 patria
1162 1385 1300 1419 nostra.
1356 1380 1525 1429 Quorum
1553 1380 1626 1418 sin-

367 1450 488 1503 gulari
522 1450 711 1501 εὐστοχίᾳ
750 1455 787 1491 et
820 1451 958 1505 insigni
995 1451 1179 1492 industria
1214 1452 1354 1492 factum
1392 1456 1434 1492 ut
1463 1455 1626 1492 veterum

367 1526 613 1577 scriptorum,
656 1526 869 1577 praesertim
908 1525 1135 1564 Graecorum
1177 1525 1405 1573 emendatio,
1448 1526 1539 1564 olim
1568 1526 1627 1564 vel

368 1597 671 1651 ingeniosissimo
700 1598 833 1649 cuique
862 1597 1088 1650 periculosae
1115 1599 1263 1651 plenum
1294 1612 1389 1651 opus
1416 1598 1532 1646 aleae,
1554 1597 1628 1637 iam

370 1675 518 1710 tantum
554 1685 628 1710 non
666 1671 706 1710 in
742 1675 878 1710 certam
912 1675 1029 1709 artem
1064 1672 1211 1710 redacta
1249 1672 1298 1709 sit
1341 1685 1454 1722 seque
1495 1672 1575 1723 ipsa
1609 1685 1631 1710 a

372 1742 527 1782 crimine
573 1742 769 1782 effrenatae
815 1742 986 1782 licentiae
1035 1743 1209 1782 facillime
1254 1748 1416 1783 tueatur.
1481 1744 1631 1783 Etenim

374 1819 473 1854 recte
514 1815 731 1854 iamdudum
774 1815 1032 1854 intellexerunt
1060 1815 1130 1854 viri
1169 1816 1269 1855 docti
1307 1829 1418 1867 quam
1452 1816 1632 1855 rationem

375 1888 416 1928 in
444 1887 522 1928 suis
549 1887 756 1941 disciplinis
785 1892 987 1940 sequantur
1016 1888 1161 1941 physici
1186 1894 1223 1928 et
1252 1889 1522 1938 mathematici,
1551 1905 1634 1930 ean-

378 1962 462 2002 dem
504 1962 617 2002 etiam
657 1962 698 2001 in
740 1961 896 2001 historia
938 1961 1200 2002 conscribenda
1240 1962 1430 2015 literisque
1472 1963 1637 2016 antiquis

377 2035 604 2075 illustrandis
632 2049 746 2074 unam
776 2049 852 2075 esse
881 2035 1048 2074 omnium
1077 2035 1268 2087 optimam.
1313 2036 1637 2084 Quemadmodum

380 2112 459 2148 tota
491 2122 615 2148 rerum
638 2112 771 2147 natura
798 2108 943 2160 legibus
971 2111 1119 2147 tenetur
1143 2107 1460 2156 immutabilibus,
1491 2109 1638 2147 fortuna

381 2182 528 2221 nullum
554 2181 680 2221 locum
715 2180 850 2230 habet,
890 2181 945 2220 sic
980 2181 1079 2220 dicta
1107 2185 1143 2219 et
1172 2180 1270 2219 facta
1298 2180 1460 2219 humana
1492 2195 1640 2233 quoque

383 2255 464 2307 pari
491 2255 709 2293 necessitate
738 2254 917 2293 inservire
952 2253 1120 2292 videmus
1150 2253 1350 2304 eademque
1379 2267 1495 2305 usque
1522 2267 1642 2292 recur-

382 2341 473 2367 rere.
530 2327 634 2376 Quae
672 2341 754 2366 cum
794 2327 847 2366 ita
879 2327 954 2366 sint
982 2326 1107 2366 ubivis
1135 2327 1297 2378 primum
1326 2326 1493 2365 omnium
1522 2326 1643 2365 obser-

382 2400 502 2440 vanda
531 2404 588 2439 est
610 2399 799 2452 analogia,
830 2413 904 2451 qua
923 2399 1035 2439 semel
1056 2402 1247 2452 perspecta
1272 2398 1329 2438 vel
1350 2398 1646 2451 impeditissimis

383 2474 475 2513 locis
508 2473 572 2512 lux
601 2472 700 2512 clara
727 2471 949 2524 necopinato
983 2471 1196 2511 affunditur.
1256 2470 1366 2518 Quod
1399 2476 1441 2510 ut
1476 2472 1647 2511 universe
