1937 3075
928 258 976 297 77

329 387 550 430 Ἀπόλλων,
597 387 717 432 ἥλιος,
763 385 918 434 χρυσός.
976 386 1099 424 Etiam
1134 385 1352 437 Apollonius
1387 386 1457 424 hoc
1485 399 1583 424 eom·

328 460 463 511 pendio
491 459 678 499 indicatur
708 459 805 498 unde
833 457 925 497 mihi
955 462 1041 496 nata
1070 462 1126 496 est
1154 458 1318 509 suspicio
1346 457 1583 509 Apollonium

329 531 540 584 Sophistam
569 531 755 571 interdum
785 544 870 569 cum
898 529 1097 569 Heliodoro
1126 530 1319 569 confusum
1347 544 1425 569 esse
1451 532 1494 581 1).

382 603 672 643 Accuratissime
701 602 746 641 de
770 603 842 641 hoc
863 602 1093 654 corruptelae
1114 615 1247 653 genere
1269 602 1346 653 egit
1368 602 1586 640 Gaisfordus

328 675 375 717 ad
405 676 611 715 Hesiodum
649 676 689 714 in
725 676 832 714 Poe't.
867 675 933 714 Gr.
965 675 1059 714 Min.
1089 675 1127 720 I,
1163 676 1249 713 113.
1306 674 1468 712 Sustulit
1500 674 1586 712 olim

328 746 462 786 vitium
505 749 720 796 Dindorfius
763 749 803 786 in
836 747 1131 799 Harpocratione
1177 761 1211 786 v.
1244 746 1477 793 θεμιστεύειν
1520 746 1587 785 ubi

329 820 513 860 Stanleius
556 821 617 872 (ad
659 821 829 872 Aeschyl.
873 821 983 859 Eum.
1028 835 1063 859 v.
1104 822 1143 870 2)
1187 819 1372 858 divinaret
1414 819 1481 867 πρὸ
1520 821 1585 857 τοῦ

328 892 528 941 Φοίβου.
592 893 672 934 Alia
709 892 872 946 exempla
910 892 974 944 qui
1007 891 1119 931 huius
1153 891 1421 931 observationis
1448 904 1588 931 memor

327 971 383 1005 est
411 967 509 1005 facili
537 967 689 1018 negotio
719 966 965 1018 deprehendet
993 965 1034 1003 in
1062 964 1223 1003 Bekkeri
1254 965 1469 1004 Anecdotis.

382 1038 438 1077 De
480 1038 771 1078 commutatione
815 1037 914 1083 ἥλιος
964 1051 1050 1076 eum
1092 1038 1232 1085 χρυσὸς
1278 1051 1391 1088 agens
1437 1037 1587 1076 Bastius

326 1111 487 1162 exempli
524 1111 640 1149 instar
675 1125 711 1162 p.
744 1113 821 1149 834
850 1110 979 1149 laudat
1012 1110 1134 1149 locum
1170 1109 1357 1149 Eustathii
1391 1109 1436 1148 de
1464 1109 1586 1148 Persis

325 1183 416 1222 haec
444 1183 623 1222 dicentis:
665 1186 801 1226 τιμῶσι
841 1183 878 1221 δὲ
917 1183 980 1221 καὶ
1022 1183 1063 1221 τὸ
1104 1186 1176 1231 πῦρ
1207 1183 1271 1221 καὶ
1310 1183 1355 1221 δι’
1374 1183 1468 1221 αὐτὸ
1501 1183 1583 1221 τὸν

325 1256 517 1303 χρυσὸν
549 1256 607 1307 (L.
638 1255 720 1294 τὸν
750 1254 905 1307 ἥλιον)
936 1252 996 1294 οἷοι
1027 1255 1197 1304 πυροειδῆ
1227 1254 1331 1294 ὄντα.

370 1420 393 1462 ¹)
427 1418 511 1452 Vide
535 1418 613 1463 Cap.
636 1418 706 1452 VH
732 1418 770 1451 de
793 1417 992 1463 compendiis
1014 1418 1112 1453 Nom.
1135 1418 1248 1463 Propr.

369 1475 422 1509 Ad
454 1474 633 1518 ὑὲροφόριοι
659 1476 694 1509 in
725 1476 837 1509 Photii
866 1476 988 1509 Lexico
1023 1474 1136 1517 (ἕῑρτῆ
1164 1474 1316 1516 πένθιμος
1332 1473 1501 1513 Ἀθήνησιν
1527 1473 1585 1508 ἐπὶ

328 1534 400 1573 τοῖς
425 1531 460 1566 ἐν
487 1536 534 1578 τῷ
560 1535 799 1577 κατακλυσμῷ
825 1531 1048 1575 ἀπολομένοις
1075 1533 1117 1572 ὡς
1140 1530 1401 1574 Ἀπολλώνιος.)
1434 1531 1584 1566 Naberus

325 1600 357 1622 v.
372 1588 412 1621 el.
437 1591 588 1622 annotat:
619 1589 720 1631 (Tom.
745 1589 798 1628 II,
827 1600 857 1632 p.
882 1589 959 1630 237)
992 1589 1207 1631 ,Hesychius
1240 1588 1344 1621 Miror
1370 1588 1424 1621 hie
1456 1587 1584 1621 laudari

325 1639 553 1683 Apollonium3
575 1640 712 1673 fortasse
728 1639 818 1674 aliud
835 1640 913 1684 quid
928 1640 1041 1674 latet''.
1065 1640 1257 1684 Cogitabam
1272 1652 1313 1673 an
1332 1651 1391 1684 pro
1407 1639 1583 1684 Apollonio

324 1690 498 1736 legendum
527 1694 610 1725 esset
641 1692 839 1726 Heliodorus
864 1704 959 1735 quem
986 1695 1117 1726 constat
1142 1705 1208 1726 non
1236 1693 1379 1726 earmina
1408 1693 1584 1726 Homerica

324 1745 454 1778 tantum
477 1744 534 1778 sed
554 1744 753 1779 comoediam
779 1745 924 1778 Atticam
953 1757 1081 1790 quoque
1111 1745 1260 1789 attigisse
1293 1745 1391 1788 (Vide
1416 1757 1500 1789 quae
1520 1745 1583 1778 dis-

324 1799 421 1841 putat
446 1797 595 1832 Naberus
620 1798 712 1832 Tom.
736 1797 771 1839 I,
795 1810 826 1842 p.
850 1798 939 1842 121).
984 1798 1035 1832 Ea
1062 1810 1113 1832 me
1144 1798 1253 1843 opinio
1281 1797 1401 1832 fefellit
1429 1800 1468 1832 ut
1495 1809 1583 1832 nune

323 1850 436 1891 video3
458 1850 541 1884 nihil
567 1850 760 1883 mutandum
784 1853 844 1884 est.
888 1850 981 1884 Idem
1011 1851 1205 1895 Apollonius
1233 1851 1289 1893 qui
1314 1851 1368 1884 hic
1393 1862 1583 1885 commemo-

323 1905 415 1938 ratur
438 1904 536 1939 etiam
560 1903 691 1939 aliunde
713 1905 823 1939 notus.
867 1903 995 1949 Nempe
1017 1915 1058 1938 ex
1078 1903 1247 1939 Athenaeo
1274 1915 1305 1949 p.
1329 1904 1392 1938 191
1411 1904 1434 1939 f.
1456 1903 1514 1938 ubi
1535 1904 1583 1939 ita

323 1960 478 2005 legimus:
516 1962 595 1994 ’καὶ
618 1959 696 2003 παρ’
715 1959 920 2003 Αἰγυπτίοις
943 1959 981 1993 Σέ
1009 1962 1047 1994 τὶ
1069 1963 1218 1994 nanum
1242 1959 1449 2004 σωφρονικῶς
1470 1959 1581 2004 διεξή-

325 2030 409 2062 γετο
436 2019 476 2053 ‘rb
504 2020 570 2053 τῶν
596 2020 787 2062 συμποσίων
813 2018 928 2063 γένος,
955 2017 1146 2063 καθάπερ
1173 2017 1580 2063 ε’ίρηκενἈπ-ολλῶ-

324 2089 412 2117 νιος
439 2077 454 2110 ὃ
481 2079 576 2119 περὶ
601 2077 764 2120 ἑορτῶν
789 2077 1037 2122 γεγραφώς.
