1937 3075
1001 279 1051 316 34

402 403 479 443 imo
518 405 671 444 καθῖσεν
709 409 748 444 et
783 406 837 444 sic
874 406 999 445 omnia
1034 405 1172 444 similia
1209 405 1340 444 menda
1377 404 1424 444 ad
1466 404 1660 457 pristinam

404 490 570 516 normam
599 479 835 530 castigemus.

458 547 616 602 Insuper
659 550 755 590 addo
801 551 911 590 etiam
956 551 1055 602 apud
1099 550 1331 589 Herodotum
1375 549 1428 588 sic
1470 553 1661 601 peccatum

403 636 482 662 esse
511 637 673 675 namque
705 624 784 663 fieri
816 638 892 663 non
932 627 1056 676 potest
1091 628 1133 662 ut
1160 623 1257 662 idem
1291 622 1477 675 scripserit
1506 621 1661 661 κάτισον

403 695 624 745 Φυλάκους,
656 696 707 749 (Ι,
730 698 798 749 89)
831 697 945 736 αὐτὸν
977 696 1113 735 minen
1144 696 1198 748 (Ι,
1218 697 1283 748 88)
1314 700 1352 735 et
1380 692 1458 735 εἷσε
1488 695 1594 743 ἄγων
1625 696 1661 740 ἐς

404 770 468 808 τὸν
497 770 700 816 βασιλήιον
735 769 865 817 θρόνον,
905 770 1007 819 (ΙΙΙ,
1039 771 1104 820 61)
1145 768 1284 816 ἄνδρας
1317 769 1347 806 οἱ
1383 768 1542 811 ὑπείσας
1573 770 1663 807 κατ’

406 840 485 880 ὁδόν
516 842 614 893 (ΙΙΙ,
650 844 754 894 126).
787 842 882 881 Vide
911 841 1001 880 Cob.
1030 841 1118 881 Var.
1147 842 1250 881 Lect.
1280 855 1363 893 pag.
1396 843 1459 880 88.

459 914 791 967 Diphthongorum
813 930 843 954 ει
862 915 914 966 (7)
931 919 1011 954 etot
1036 913 1259 966 permutatio
1278 913 1485 953 rationibus
1504 913 1663 953 subduc-

403 986 453 1024 tis
473 999 518 1025 ex
547 987 628 1025 soni
655 988 832 1026 affinitate
853 987 978 1039 potius
1000 1001 1112 1038 quam
1140 1001 1184 1026 ex
1207 987 1395 1025 literarum
1421 987 1665 1026 similitudine

404 1058 555 1098 fluxisse
584 1059 730 1098 videtur
759 1061 804 1111 1).
861 1060 1006 1098 Passim
1028 1060 1069 1098 in
1091 1059 1196 1098 libris
1220 1059 1391 1099 occurrit.
1435 1059 1665 1099 Permiscen-

403 1133 465 1169 tur
493 1144 525 1170 e.
550 1145 582 1170 c.
612 1132 643 1169 οἱ
674 1136 711 1170 et
740 1133 791 1176 εἶ,
826 1132 976 1178 οἴσομαι
1008 1136 1046 1171 et
1075 1131 1248 1179 εἵσομαι,
1282 1132 1425 1170 οἰκέται
1454 1137 1492 1171 et
1522 1132 1660 1171 ἱκέται.

404 1203 570 1253 Quarum
599 1204 802 1244 lectionum
830 1209 912 1245 utra
940 1205 989 1244 sit
1017 1205 1141 1257 potior
1163 1205 1204 1244 in
1227 1205 1375 1257 scriptis
1402 1219 1497 1257 quae
1525 1205 1667 1257 integra

407 1282 607 1329 supersunt
648 1279 774 1318 statim
817 1279 1078 1331 unusquisque
1116 1279 1297 1332 intelligit
1306 1295 1316 1327 ;
1366 1279 1404 1318 in
1450 1266 1667 1331 fragmentis

407 1363 481 1389 non
509 1351 612 1389 item.
656 1351 739 1390 Etsi
767 1352 830 1391 hic
858 1366 1007 1403 quoque
1035 1352 1159 1390 omnia
1188 1365 1281 1402 quae
1305 1352 1351 1391 ad
1374 1352 1543 1403 singulos
1567 1352 1668 1390 locos

405 1422 548 1461 faciunt
585 1423 755 1463 rimando
794 1429 831 1463 et
868 1429 967 1463 recte
1005 1424 1203 1476 cogitando
1245 1424 1362 1464 multa
1398 1425 1443 1463 ad
1483 1424 1668 1476 liquidum

405 1493 558 1545 perduci
587 1499 757 1546 possunt.

461 1566 730 1618 Turpissimum
760 1568 934 1606 mendum
963 1567 1179 1606 etiamnunc
1201 1571 1285 1619 post
1310 1571 1368 1606 tot
1393 1568 1579 1606 Dindorfii
1607 1581 1669 1606 cu-

409 1651 466 1676 ras
495 1642 653 1691 occupat
680 1639 805 1678 locum
837 1639 1097 1692 Aristophanis
1128 1639 1304 1692 (Acharn.
1336 1654 1369 1680 v.
1399 1641 1506 1691 612).
1562 1639 1671 1692 Legi-

412 1716 473 1750 tur
501 1711 600 1751 enim
629 1712 668 1750 in
701 1712 907 1751 novissima
935 1712 1119 1752 editione:

550 1800 683 1841 οἶδέν
714 1819 771 1847 τις
804 1804 904 1851 ὑμῶν
934 1803 1198 1851 τάκβάταν’ἢ
1229 1804 1315 1847 τοὺς
1344 1803 1518 1852 χάονοιςς

471 1894 548 1934 Ubi
576 1895 685 1934 unice
714 1909 842 1935 verum
871 1910 949 1935 esse
979 1893 1109 1935 εἶδέν
1139 1910 1195 1939 τις
1226 1896 1404 1935 editorem
1433 1895 1557 1935 nescio
1586 1910 1675 1947 quo·
1711 1896 1714 1901 ’

416 1966 529 2006 modo
557 1966 667 2019 fugit.
725 1967 848 2016 Quam
878 1968 954 2007 vim
985 1972 1108 2008 autem
1137 1969 1177 2008 in
1214 1968 1351 2008 talibus
1379 1967 1538 2007 habeant
1566 1967 1677 2007 verba

417 2039 505 2088 ὁρᾶν
534 2044 572 2080 et
599 2041 756 2080 θεᾶσθαι
786 2041 875 2080 satis
908 2045 1038 2081 notum
1061 2043 1104 2093 2).

465 2241 489 2282 ¹)
513 2239 563 2273 Cf.
586 2239 688 2273 Thuc.
711 2239 766 2280 ll,
790 2239 869 2284 Cap.
894 2242 946 2274 54.

464 2296 492 2339 ²)
525 2296 577 2330 Ad
604 2296 703 2330 Hom.
732 2295 794 2330 Od.
825 2301 857 2329 A
883 2308 915 2330 v.
940 2297 1000 2330 568
1031 2296 1162 2330 Scholia
1190 2296 1311 2330 habent
1343 2299 1471 2330 acutam
1504 2300 1538 2331 et
1569 2308 1678 2332 veram

421 2350 695 2393 observationem,
726 2351 781 2386 sed
815 2351 955 2386 stultum
989 2351 1140 2386 mendum
1173 2351 1272 2386 officit
1303 2351 1496 2388 evidentiae.
1540 2353 1680 2398 Legitur

422 2409 492 2448 πῶς
520 2405 610 2442 οἶδε
635 2409 778 2447 τούτους
804 2406 821 2446 ἢ
847 2409 941 2452 (Leg.
957 2410 1027 2452 καὶ)
1051 2411 1131 2447 τοῦς
1147 2411 1285 2448 λοιποὺς
1308 2407 1371 2442 ἔσω
1395 2408 1598 2443 τῶν”Αιδσυ
1615 2423 1677 2443 πυ-

423 2468 493 2501 λῶν
509 2466 612 2507 ’ὄντας
633 2469 691 2501 καὶ
715 2467 782 2501 τῶν
807 2469 985 2509 nov-afim
1003 2466 1251 2501 Emendandum
1272 2469 1322 2501 est
1341 2468 1409 2507 πῶς
1429 2464 1520 2501 ε’ἶδε
1541 2481 1572 2502 κ.
1591 2481 1623 2503 τ.
1642 2473 1675 2502 λ.

420 2525 540 2562 Paullo
562 2525 647 2560 infra
669 2538 702 2562 v,
726 2527 789 2561 580
814 2526 945 2560 verbum
968 2525 1135 2561 εἰδέναι
1159 2525 1245 2561 male
1267 2526 1350 2560 abiit
1371 2526 1405 2560 in
1428 2523 1547 2562 εἶναι.
