1937 3075
954 231 1002 268 72

351 359 528 412 quasdam
557 360 802 412 etymologias
831 361 869 399 in
900 360 1062 400 medium
1089 356 1288 413 proferens,
1344 360 1466 409 Quem
1494 361 1609 400 animi

353 446 463 472 causa
487 432 682 472 audiamus
709 432 983 486 disputantem:
1015 438 1136 473 νᾶπυ
1165 433 1234 481 μὲν
1262 433 1338 482 γὰρ
1362 430 1432 472 οἷον
1463 435 1606 484 νᾶφυ,

353 503 408 544 ὅτι
442 505 642 554 ἐστέρηται
673 505 880 555 φύσεως·
900 506 1024 556 ἀφυὲς
1053 507 1128 555 γὰρ
1153 506 1217 545 ux}
1241 503 1370 554 μικρὸν
1396 503 1518 554 ὥσπερ
1543 506 1607 545 καὶ

354 577 520 628 ἡοέφύη.
553 578 731 618 σίναπυ
762 579 867 618 δ’δ’τι
897 580 1077 618 σίνεται
1109 581 1195 623 τοὺς
1226 577 1332 623 ὦπας
1363 581 1398 618 ε’ν
1421 587 1467 630 τῇ
1493 580 1611 630 ὀδμῇ,

354 653 401 696 ὡς
439 651 503 691 καὶ
543 652 585 691 τὸ
626 652 816 701 κρόμμυον
855 651 911 692 ὅτι
951 653 1023 697 τὰς
1063 653 1173 702 κόροις
1214 653 1423 701 μύομεν.
1481 654 1611 693 Finem

352 730 476 766 autem
500 727 590 766 facit
614 727 673 765 his
696 726 834 766 verbis:
865 728 974 774 ἡμεῖς
1008 728 1078 775 μὲν
1104 725 1163 767 οὖν
1191 742 1246 766 σοι
1278 731 1474 774 τοσαῦται,
1497 727 1609 766 καλὲ

353 798 593 848 ἄνθρωπε,
625 799 796 848 ζητοῦντι
824 801 1240 849 συνεισευπορήσαμεν,
1272 801 1318 839 σὺ
1339 800 1375 839 δὲ
1401 801 1490 847 ἡμῖν
1515 800 1610 838 αἶπο-

351 871 546 920 κρίνοισθαι
578 870 716 914 δίκαιος
749 869 802 910 εἶ.
821 901 853 910 ..
891 881 1031 911 nxz-J..
1091 872 1164 911 Sed
1192 886 1301 911 nemo
1324 886 1445 923 neque
1473 871 1612 911 Graece

351 957 473 995 neque
505 943 545 982 in
574 943 647 982 alia
675 943 802 996 lingua
832 945 934 996 quod
962 944 1075 983 sciam
1113 944 1166 983 sie
1201 945 1363 984 amicum
1392 944 1610 997 compellat:

351 1015 376 1056 ὦ
407 1017 504 1055 κοιλὲ
534 1016 773 1066 ἄνθρωπε,
802 1018 900 1069 quod
928 1018 1124 1057 ridiculum
1150 1024 1218 1057 est.
1249 1017 1351 1067 Quid
1372 1017 1512 1069 igitur?
1542 1017 1612 1056 Re-

349 1103 447 1142 pone
482 1089 588 1128 sodes
626 1087 651 1128 εῧ
682 1090 778 1128 καλὲ
811 1090 1024 1130 Οὐλπικνὲ.
1083 1089 1193 1139 Quod
1239 1103 1312 1141 quo
1354 1089 1500 1129 facilius
1541 1090 1612 1128 tibi

349 1163 570 1215 persuadeas
611 1163 665 1202 sic
706 1162 856 1203 habeto:
901 1162 1084 1202 excidisse
1126 1168 1192 1202 aut
1238 1162 1429 1202 evanuisse
1471 1162 1614 1214 aliquot

350 1235 491 1284 literas;
537 1266 546 1275 .
563 1266 571 1275 .
589 1266 597 1275 .
616 1236 705 1275 ,ανὲ
749 1236 850 1288 quod
885 1240 1069 1289 supererat
1106 1251 1127 1275 a
1155 1236 1305 1275 librario
1334 1235 1505 1275 habitum
1534 1250 1613 1275 esse

351 1321 419 1360 pro
456 1323 545 1352 ανε,
576 1307 759 1356 ἄνθρωπε.

349 1395 445 1419 οινων
480 1393 758 1430 nonnumquam
799 1380 880 1419 sine
915 1380 1013 1419 linea
1054 1379 1274 1418 horizontali
1320 1384 1510 1419 exaratum
1549 1381 1609 1419 ha·

349 1453 511 1492 buerunt
538 1466 604 1504 pro
630 1452 769 1500 ἀνδρῶν
802 1453 858 1491 vel
888 1452 1033 1492 ἄλλων.
1079 1453 1161 1491 Nec
1185 1466 1257 1490 non
1284 1454 1490 1491 contrarius
1513 1466 1611 1491 error

351 1524 526 1565 occurrit.

404 1598 562 1649 Elegans
600 1600 657 1635 est
695 1597 905 1635 emendatio
943 1597 990 1636 G.
1022 1597 1207 1635 Diudorfii
1247 1598 1285 1635 iu
1315 1598 1447 1637 Aesch.
1488 1598 1610 1636 Prom.

350 1684 385 1710 v.
422 1671 495 1709 155
526 1669 589 1709 ubi
617 1669 803 1709 restituit:

629 1780 675 1823 ὡς
706 1780 806 1827 μήτε
838 1780 924 1819 θεῶν
953 1780 1052 1826 μήτε
1082 1795 1139 1824 ’τις
1171 1780 1355 1829 ἀνδρῶν

633 1859 711 1895 τοῖς
742 1855 774 1893 δ’
798 1853 972 1901 ἑγεγήθει
995 1855 1038 1905 1).

412 1966 512 2005 Nam
544 1965 644 2016 quod
673 1964 761 2003 olim
790 1963 967 2003 edebatur
991 1964 1037 2006 ὡς
1057 1964 1156 2009 μήτε
1177 1961 1254 2007 θεές
1274 1964 1374 2010 μήτε
1393 1977 1451 2007 τις
1471 1963 1615 2007 ἄλλος

357 2037 484 2077 multis
514 2037 560 2076 de
588 2036 709 2076 causis
738 2040 834 2075 stare
861 2049 937 2075 non
965 2040 1102 2088 potest.

412 2110 614 2148 Manifesto
653 2109 746 2147 vitio
784 2109 907 2147 locum
947 2123 992 2147 ex
1025 2108 1196 2160 Xenoph.
1226 2108 1422 2160 Symposio
1451 2108 1513 2156 11,
1545 2111 1617 2155 24,

358 2181 491 2221 liberat
519 2181 701 2221 Cobetus:
733 2186 853 2221 Δοκεῖ
880 2180 1009 2228 μέντοι
1042 2195 1104 2227 μοι
1139 2181 1201 2219 >cxi
1232 2180 1283 2219 τὰ
1323 2184 1393 2219 τῶν
1430 2181 1617 2230 ἀνδρῶν

359 2255 526 2302 ‹rabum-x
554 2255 683 2293 ταύτὰ
717 2255 911 2302 πάσχειν,
953 2253 1050 2302 ἅπερ
1082 2255 1146 2293 nx}
1183 2255 1233 2292 τὰ
1267 2258 1338 2292 τῶν
1370 2255 1405 2292 ἐν
1441 2260 1493 2303 γῇ
1525 2258 1620 2304 φυο-

359 2327 493 2377 μένων.
554 2328 638 2368 Imo
674 2331 745 2367 τῶν
776 2329 1007 2377 ἀνθρώπω
1024 2343 1060 2377 ν,
1101 2341 1185 2367 nam
1220 2341 1368 2380 prorsus
1395 2327 1493 2366 idem
1525 2328 1622 2367 valet

403 2469 430 2511 ¹)
463 2466 549 2501 Vide
571 2477 683 2511 supra,
708 2466 788 2510 Cap.
811 2466 877 2501 111.
