1937 3075
938 223 988 261 89

335 350 505 404 Ulyssem
531 351 774 392 dormientem
802 352 842 391 in
869 351 1026 404 patriam
1054 353 1277 393 reduxerint.
1305 352 1582 406 Respondetur:

334 422 420 467 τοὺς
445 422 698 473 ἀφικομένους
719 423 1001 463 ἀποστέλλουσι
1020 423 1198 473 τάχιστα
1219 426 1282 464 καὶ
1309 425 1580 473 κοιμωμένους,

334 495 394 535 ἵνα
424 497 479 543 μὴ
508 497 576 541 τὴν
606 496 684 535 ὁδὸν
713 495 876 543 μάθωσι.
908 496 961 535 διὸ
991 496 1054 535 καὶ
1083 499 1310 544 κοιμώμενον
1338 497 1583 537 ἀποτίθενται

333 568 396 607 τὸν
417 569 609 608 Ὀδυσσέα
639 569 700 608 διὰ
728 569 771 607 τὸ
800 569 854 616 μὴ
889 569 979 609 ἰδεῖν
1011 570 1063 613 εἷς
1101 575 1204 610 ποῖον
1235 569 1319 608 καὶ
1356 569 1461 618 ἅμα
1490 571 1586 610 ἄνα-

333 640 524 679 πλέουσιν.
585 641 658 680 Pro
697 643 749 685 εἷς
790 646 893 680 ποῖον
932 641 996 680 καὶ
1027 640 1115 689 ἅμα
1153 656 1175 680 a
1212 642 1404 681 Dindorfio
1440 647 1587 695 recepta

333 719 388 753 est
415 715 511 753 levis
540 716 833 754 correctiuncula
860 716 1023 756 Struvii:
1066 717 1118 758 εἷς
1157 721 1259 755 ποῖον
1298 715 1438 762 λιμένα
1476 729 1588 767 quam

332 791 461 827 neuter
488 787 619 828 horum
656 801 695 828 re
721 787 814 828 bene
833 802 1012 842 perpensa
1044 801 1128 828 cum
1158 787 1248 827 viris
1276 787 1396 827 doctis
1423 800 1586 827 commu-

323 846 503 901 nicasset.
561 862 674 901 Recte
702 862 841 901 Polak:
874 862 945 910 ‘sIn
971 863 1043 901 hoc
1071 866 1194 901 tamen
1226 866 1392 900 monstro
1418 861 1589 900 lectionis

333 933 412 986 (καὶ
444 932 546 986 ἅμα)
577 933 667 974 latet
694 934 887 974 verissima
914 935 1026 974 lectio
1055 935 1164 974 haec:
1195 935 1247 978 εἷς
1283 938 1387 973 ποῖον
1421 938 1589 982 κλῒμα

331 1007 628 1046 οὶναπλέουσιν”.
685 1007 761 1046 Ubi
790 1008 887 1046 enim
917 1016 979 1045 κλι
1010 1008 1105 1046 abiit
1132 1008 1172 1045 in
1201 1021 1265 1045 και
1290 1021 1364 1045 una
1391 1007 1499 1046 litera
1525 1007 1589 1046 ad—

331 1079 411 1119 dita
438 1084 494 1120 est
522 1084 565 1119 ut
593 1080 705 1120 verba
733 1080 827 1120 bene
855 1080 995 1120 Graeca
1023 1080 1153 1120 saltem
1182 1080 1336 1119 exirent.

385 1153 480 1192 Utar
517 1153 701 1205 praesenti
744 1154 936 1192 occasione
979 1158 1022 1192 ut
1059 1167 1105 1192 ex
1140 1153 1395 1191 Valokenaerii
1433 1153 1589 1192 schedis

331 1226 471 1265 criticis
500 1227 610 1265 MSS.
645 1226 686 1265 in
721 1226 839 1265 lucem
875 1226 1084 1278 protraham
1122 1225 1417 1264 emendationem
1444 1225 1482 1264 in
1513 1225 1586 1265 Eu·

329 1298 461 1351 ripidis
498 1298 622 1351 Iphig.
659 1298 785 1338 Aulid.
821 1299 987 1338 nondum
1025 1299 1175 1339 editam.
1231 1299 1298 1338 Est
1334 1301 1436 1348 ῥῆσις
1472 1300 1588 1338 notis-

331 1372 424 1409 sima
463 1375 500 1409 et
535 1385 648 1423 prope
676 1372 888 1420 decantata,
923 1386 1034 1422 quam
1067 1372 1176 1412 multi
1206 1376 1334 1411 tenent
1357 1372 1582 1421 memoriter,

331 1443 396 1483 ubi
434 1445 689 1496 Agamemnon
729 1444 857 1484 laudat
898 1444 1064 1484 fortunas
1111 1458 1261 1494 eorum,
1313 1445 1377 1496 qui
1427 1444 1583 1484 obscuro

330 1517 414 1556 loco
443 1517 521 1556 nati
549 1521 636 1556 sunt
666 1519 715 1568 (v.
745 1519 823 1556 446
855 1519 987 1569 seqq.).

548 1622 568 1664 ἡ
599 1620 799 1667 δυσγένεια
828 1620 861 1659 δ’
882 1616 928 1663 ὥς
958 1620 1040 1669 ἔχει
1070 1635 1106 1659 τι
1134 1620 1336 1669 χρήσιμον.

548 1694 610 1732 καὶ
642 1693 718 1742 γὰρ
749 1694 932 1742 δακρῦσαι
963 1694 1091 1744 ῥαδίως
1122 1695 1251 1736 αὐτοῖς
1283 1693 1365 1742 ἔχει

546 1766 698 1812 ἄνολβα
727 1767 763 1805 ’τ’
786 1767 918 1805 εἰπεῖν.
951 1768 1002 1815 τῷ
1034 1766 1070 1805 δὲ
1100 1767 1260 1815 γενναίῳ
1289 1767 1406 1815 Φύσιν

550 1838 762 1878 ἅπαντα
792 1843 971 1879 ταῦτα.

383 1951 522 1990 Incerti
564 1950 764 1990 haerebant
806 1950 894 1989 olim
936 1951 1006 1989 viri
1049 1950 1148 1989 docti
1192 1951 1232 1989 in
1272 1950 1413 1989 ultimis
1450 1950 1581 1990 verbis.

328 2025 488 2064 Tandem
527 2025 742 2076 Musgravio
778 2024 968 2077 probabile
996 2024 1117 2063 visum
1147 2023 1322 2064 vocabula
1356 2023 1508 2070 ἄνολβα
1548 2028 1586 2062 et

329 2098 489 2138 ἅπαντα
519 2097 787 2151 transponenda
816 2111 912 2145 esse,
938 2111 1045 2149 quem
1075 2110 1175 2135 nunc
1208 2110 1335 2136 omnes
1363 2100 1582 2148 sequuntur.

330 2174 479 2221 Quanto
507 2173 641 2211 melius
670 2172 975 2211 Valckenaerius:

520 2278 570 2325 τῷ
591 2268 639 2315 Ιδὲ
668 2276 827 2325 γενναίῳ
858 2276 974 2325 φύσιν
997 2274 1008 2323 Η
1028 2275 1189 2315 ἅπαντα
1219 2291 1241 2314 τ
1254 2285 1277 2314 λ
1291 2292 1310 2321 n
1323 2290 1346 2313 τ
1360 2274 1398 2314 α.

302 2426 305 2429 ,
385 2387 461 2436 Qui
500 2386 648 2425 dicendi
685 2400 772 2425 usus
807 2384 1059 2437 compluribus
1097 2384 1274 2437 exemplis
1308 2384 1514 2424 illustratur
1541 2383 1586 2423 ab

331 2459 460 2499 eodem
489 2460 528 2497 in
557 2460 715 2497 Annott.
744 2459 784 2497 in
812 2458 901 2497 Eur.
930 2458 1195 2509 Hippolytum,
1225 2471 1309 2509 pag.
1340 2459 1430 2495 257.
