1937 3075
648 811 909 871 CAPUT
960 811 1299 871 SEXTUM.

400 1232 713 1284 Quandoquidem
740 1231 946 1271 innumeris
975 1230 1159 1270 erroribus
1192 1246 1317 1271 ansam
1346 1231 1491 1271 dedisse
1519 1246 1606 1271 con·

346 1310 421 1345 stat
449 1310 625 1358 perpetua
649 1304 963 1357 praepositionum
993 1304 1236 1356 permutatio,
1266 1304 1378 1343 huius
1406 1304 1458 1343 rei
1480 1317 1607 1344 causas

347 1378 474 1432 paullo
509 1377 737 1418 enucleatius
775 1377 806 1415 si
849 1380 977 1428 potero
1016 1390 1209 1428 exponam.
1267 1377 1408 1416 Multas
1444 1378 1608 1429 egregias

346 1450 644 1497 observationes,
675 1462 770 1499 quae
791 1449 864 1488 huc
889 1448 1049 1496 faciunt,
1079 1448 1183 1487 dedit
1205 1448 1356 1487 Bastius
1379 1449 1417 1488 in
1441 1437 1609 1502 Epist-ola

346 1522 476 1562 critica
514 1521 560 1561 ad
594 1520 882 1560 Boissonadium
918 1524 1031 1570 atque
1067 1520 1107 1558 in
1143 1521 1244 1559 notis
1278 1522 1324 1559 ad
1366 1520 1608 1572 Gregorium;

347 1594 525 1633 nonnulla
552 1607 658 1641 vero,
689 1606 783 1644 quae
812 1593 905 1631 scire
934 1606 1154 1645 magnopere
1191 1593 1322 1641 refert,
1360 1607 1434 1632 non
1469 1593 1609 1646 attigit.

348 1667 440 1706 Post
468 1666 641 1705 Bastium
670 1679 690 1704 e
718 1665 882 1716 professo
911 1665 956 1703 de
982 1665 1320 1716 praepositionibus
1342 1667 1419 1717 egit
1444 1666 1611 1705 Walzius

350 1739 487 1793 (Epist.
517 1738 564 1777 ad
591 1737 713 1777 Boiss.
747 1738 881 1789 18:31).
937 1736 996 1787 Is,
1037 1742 1078 1777 ut
1110 1737 1224 1777 libere
1251 1737 1372 1778 dicam
1402 1738 1504 1792 quod
1532 1752 1613 1779 sen-

349 1814 427 1862 tio,
467 1816 578 1866 apost
613 1811 779 1860 μεγάλοι
815 1811 933 1851 Bastii
971 1811 1136 1851 δεῖπνκ”
1179 1827 1254 1851 non
1291 1812 1395 1852 dedit
1429 1814 1615 1865 exquisita

352 1885 534 1938 quaedam
576 1883 739 1934 τεμάχη
784 1884 848 1924 sed
894 1883 1117 1937 indigestam
1161 1884 1452 1938 discrepantium
1490 1885 1616 1926 lectio-

352 1973 442 2000 num
484 1958 718 2009 farraginem.
785 1957 922 1995 Insunt
970 1957 1151 2007 quaedam
1194 1958 1355 2010 optimae
1396 1962 1508 1997 notae
1553 1958 1617 1998 sed

355 2031 472 2070 maior
504 2044 589 2084 pars
625 2029 765 2069 rectius
798 2028 955 2068 abesset.
1012 2030 1186 2082 Namque
1221 2030 1260 2070 in
1299 2030 1619 2072 observationibus

356 2103 674 2156 palaeographicis
711 2103 946 2155 praecipuam
972 2103 1047 2142 vim
1079 2103 1191 2142 habet
1228 2104 1321 2143 illud
1350 2104 1466 2151 μηδὲν
1496 2104 1615 2152 ἄγαν.

357 2176 547 2216 Lubenter
567 2175 684 2229 igitur
704 2175 800 2215 hanc
828 2175 1221 2224 πουλυμαθημόσύνην
1242 2177 1379 2230 effugio
1406 2177 1497 2218 satis
1517 2177 1621 2218 habi-

358 2254 467 2289 turus
496 2249 527 2287 si
566 2263 607 2287 ea
643 2248 777 2287 dedero
806 2262 901 2300 quae
929 2249 1114 2301 explorata
1142 2253 1230 2288 sunt
1258 2253 1297 2288 et
1324 2249 1523 2289 luculentis
1551 2254 1623 2289 tes-

359 2321 530 2361 timoniis
558 2321 838 2361 confirmantur.

414 2394 649 2447 Praepositio
688 2394 779 2432 αἰνὰ
820 2394 1061 2434 confundit-ur
1098 2408 1181 2434 cum
1219 2395 1318 2434 σύν.
1377 2394 1626 2445 Quemadmo-

363 2468 451 2508 dum
467 2468 505 2507 ἐν
521 2471 560 2508 et
573 2468 634 2507 εὖ·
650 2471 688 2507 et
710 2482 775 2506 συ·
793 2467 890 2520 (σὺν)
907 2482 1014 2521 saepe
1038 2472 1113 2508 tam
1138 2468 1249 2508 simili
1274 2469 1391 2509 forma
1414 2469 1627 2510 scribuntur
