<?xml version="1.0" encoding="UTF-8"?>
<!DOCTYPE html PUBLIC "-//W3C//DTD XHTML 1.0 Transitional//EN"
    "http://www.w3.org/TR/xhtml1/DTD/xhtml1-transitional.dtd">
<html xmlns="http://www.w3.org/1999/xhtml" xml:lang="en" lang="en">
 <head>
  <title>
</title>
<meta http-equiv="Content-Type" content="text/html;charset=utf-8" />
  <meta name='ocr-system' content='tesseract 3.04.00' />
  <meta name='ocr-capabilities' content='ocr_page ocr_carea ocr_par ocr_line ocrx_word'/>
</head>
<body>
  <div class='ocr_page' id='page_1' title='image "4737922_0102.png"; bbox 0 0 1937 3075; ppageno 0'>
   <div class='ocr_carea' id='block_1_1' title="bbox 985 235 1034 272">
    <p class='ocr_par' dir='ltr' id='par_1_1' title="bbox 985 235 1034 272">
     <span class='ocr_line' id='line_1_1' title="bbox 985 235 1034 272; baseline 0 0"><span class='ocrx_word' id='word_1_1' title='bbox 985 235 1034 272; x_wconf 92' lang='lat'><strong>86</strong></span> 
     </span>
    </p>
   </div>
   <div class='ocr_carea' id='block_1_2' title="bbox 378 361 1641 783">
    <p class='ocr_par' dir='ltr' id='par_1_2' title="bbox 378 361 1641 783">
     <span class='ocr_line' id='line_1_2' title="bbox 435 361 1641 420; baseline 0.005 -20"><span class='ocrx_word' id='word_1_2' title='bbox 435 361 573 401; x_wconf 86' lang='lat' dir='ltr'><strong>Menda</strong></span> <span class='ocrx_word' id='word_1_3' title='bbox 601 376 646 401; x_wconf 85' lang='lat' dir='ltr'><strong>ex</strong></span> <span class='ocrx_word' id='word_1_4' title='bbox 673 363 741 402; x_wconf 86' lang='lat' dir='ltr'><strong>hac</strong></span> <span class='ocrx_word' id='word_1_5' title='bbox 768 364 984 404; x_wconf 89' lang='lat' dir='ltr'><strong>confusione</strong></span> <span class='ocrx_word' id='word_1_6' title='bbox 1013 368 1118 415; x_wconf 84' lang='lat' dir='ltr'><strong>nata,</strong></span> <span class='ocrx_word' id='word_1_7' title='bbox 1148 366 1321 418; x_wconf 87' lang='lat' dir='ltr'><strong>quoniam</strong></span> <span class='ocrx_word' id='word_1_8' title='bbox 1349 367 1641 420; x_wconf 78' lang='lat' dir='ltr'>praepositiones</span> 
     </span>
     <span class='ocr_line' id='line_1_3' title="bbox 382 435 1638 490; baseline 0.003 -16"><span class='ocrx_word' id='word_1_9' title='bbox 382 436 466 475; x_wconf 80' lang='grc' dir='ltr'><strong>ὑπὸ</strong></span> <span class='ocrx_word' id='word_1_10' title='bbox 496 440 533 475; x_wconf 87' lang='lat' dir='ltr'><strong>et</strong></span> <span class='ocrx_word' id='word_1_11' title='bbox 563 435 679 485; x_wconf 78' lang='grc' dir='ltr'><em>ὑπὲρ</em></span> <span class='ocrx_word' id='word_1_12' title='bbox 714 437 810 476; x_wconf 85' lang='lat' dir='ltr'><strong>nihil</strong></span> <span class='ocrx_word' id='word_1_13' title='bbox 845 452 995 490; x_wconf 87' lang='lat' dir='ltr'><strong>prorsus</strong></span> <span class='ocrx_word' id='word_1_14' title='bbox 1037 440 1135 478; x_wconf 89' lang='lat' dir='ltr'><strong>inter</strong></span> <span class='ocrx_word' id='word_1_15' title='bbox 1177 453 1215 478; x_wconf 93' lang='lat' dir='ltr'><strong>se</strong></span> <span class='ocrx_word' id='word_1_16' title='bbox 1251 439 1388 478; x_wconf 82' lang='lat' dir='ltr'><strong>habent</strong></span> <span class='ocrx_word' id='word_1_17' title='bbox 1421 454 1638 488; x_wconf 87' lang='lat' dir='ltr'><strong>commune,</strong></span> 
     </span>
     <span class='ocr_line' id='line_1_4' title="bbox 380 508 1639 561; baseline 0.004 -14"><span class='ocrx_word' id='word_1_18' title='bbox 380 508 568 561; x_wconf 86' lang='lat' dir='ltr'><strong>plerisque</strong></span> <span class='ocrx_word' id='word_1_19' title='bbox 594 508 688 548; x_wconf 87' lang='lat' dir='ltr'><strong>locis</strong></span> <span class='ocrx_word' id='word_1_20' title='bbox 724 514 887 550; x_wconf 86' lang='lat' dir='ltr'><strong>correcta</strong></span> <span class='ocrx_word' id='word_1_21' title='bbox 925 515 1023 552; x_wconf 91' lang='lat' dir='ltr'><strong>sunt.</strong></span> <span class='ocrx_word' id='word_1_22' title='bbox 1078 511 1271 552; x_wconf 77' lang='lat' dir='ltr'><strong>Interdum</strong></span> <span class='ocrx_word' id='word_1_23' title='bbox 1300 526 1388 551; x_wconf 87' lang='lat' dir='ltr'><strong>vero</strong></span> <span class='ocrx_word' id='word_1_24' title='bbox 1415 513 1532 552; x_wconf 82' lang='lat' dir='ltr'><strong>nimia</strong></span> <span class='ocrx_word' id='word_1_25' title='bbox 1561 527 1639 553; x_wconf 84' lang='lat' dir='ltr'><strong>cor-</strong></span> 
     </span>
     <span class='ocr_line' id='line_1_5' title="bbox 378 582 1640 637; baseline 0.003 -16"><span class='ocrx_word' id='word_1_26' title='bbox 378 582 525 634; x_wconf 87' lang='lat' dir='ltr'><strong>rigendi</strong></span> <span class='ocrx_word' id='word_1_27' title='bbox 553 582 753 622; x_wconf 76' lang='lat' dir='ltr'><strong>sedulitate</strong></span> <span class='ocrx_word' id='word_1_28' title='bbox 785 597 852 636; x_wconf 91' lang='lat' dir='ltr'><strong>pro</strong></span> <span class='ocrx_word' id='word_1_29' title='bbox 881 583 974 623; x_wconf 87' lang='lat' dir='ltr'><strong>vitio</strong></span> <span class='ocrx_word' id='word_1_30' title='bbox 1002 584 1171 624; x_wconf 85' lang='lat' dir='ltr'><strong>habitum</strong></span> <span class='ocrx_word' id='word_1_31' title='bbox 1203 585 1305 637; x_wconf 91' lang='lat' dir='ltr'><strong>quod</strong></span> <span class='ocrx_word' id='word_1_32' title='bbox 1332 599 1406 625; x_wconf 90' lang='lat' dir='ltr'><strong>non</strong></span> <span class='ocrx_word' id='word_1_33' title='bbox 1435 590 1525 625; x_wconf 83' lang='lat' dir='ltr'><strong>erat.</strong></span> <span class='ocrx_word' id='word_1_34' title='bbox 1567 586 1640 625; x_wconf 83' lang='lat' dir='ltr'><strong>Va-</strong></span> 
     </span>
     <span class='ocr_line' id='line_1_6' title="bbox 381 655 1641 712; baseline 0.003 -17"><span class='ocrx_word' id='word_1_35' title='bbox 381 655 433 696; x_wconf 92' lang='lat' dir='ltr'><strong>let</strong></span> <span class='ocrx_word' id='word_1_36' title='bbox 461 655 533 695; x_wconf 88' lang='lat' dir='ltr'><strong>hoc</strong></span> <span class='ocrx_word' id='word_1_37' title='bbox 561 656 607 696; x_wconf 88' lang='lat' dir='ltr'><strong>de</strong></span> <span class='ocrx_word' id='word_1_38' title='bbox 634 656 848 696; x_wconf 83' lang='lat' dir='ltr'><strong>coniectura</strong></span> <span class='ocrx_word' id='word_1_39' title='bbox 876 657 1057 706; x_wconf 82' lang='lat' dir='ltr'><strong>Dobraei,</strong></span> <span class='ocrx_word' id='word_1_40' title='bbox 1087 672 1199 709; x_wconf 85' lang='lat' dir='ltr'><strong>quam</strong></span> <span class='ocrx_word' id='word_1_41' title='bbox 1224 673 1427 710; x_wconf 80' lang='lat' dir='ltr'><strong>numquam</strong></span> <span class='ocrx_word' id='word_1_42' title='bbox 1455 659 1533 712; x_wconf 89' lang='lat' dir='ltr'><strong>ipse</strong></span> <span class='ocrx_word' id='word_1_43' title='bbox 1565 659 1641 698; x_wconf 85' lang='lat' dir='ltr'><strong>edi-</strong></span> 
     </span>
     <span class='ocr_line' id='line_1_7' title="bbox 382 728 1255 783; baseline 0.002 -15"><span class='ocrx_word' id='word_1_44' title='bbox 382 728 514 778; x_wconf 78' lang='lat' dir='ltr'><strong>disset,</strong></span> <span class='ocrx_word' id='word_1_45' title='bbox 543 729 584 768; x_wconf 92' lang='lat' dir='ltr'><strong>in</strong></span> <span class='ocrx_word' id='word_1_46' title='bbox 612 729 742 781; x_wconf 86' lang='lat' dir='ltr'><strong>Eurip.</strong></span> <span class='ocrx_word' id='word_1_47' title='bbox 771 728 882 769; x_wconf 90' lang='lat' dir='ltr'><strong>Herc.</strong></span> <span class='ocrx_word' id='word_1_48' title='bbox 911 729 985 769; x_wconf 87' lang='lat' dir='ltr'><strong>fur.</strong></span> <span class='ocrx_word' id='word_1_49' title='bbox 1015 744 1050 770; x_wconf 89' lang='lat' dir='ltr'><strong>v.</strong></span> <span class='ocrx_word' id='word_1_50' title='bbox 1081 731 1159 770; x_wconf 84' lang='lat'><strong>296</strong></span> <span class='ocrx_word' id='word_1_51' title='bbox 1189 744 1255 783; x_wconf 90' lang='lat' dir='ltr'><strong>pro</strong></span> 
     </span>
    </p>
   </div>
   <div class='ocr_carea' id='block_1_3' title="bbox 602 837 1419 888">
    <p class='ocr_par' dir='ltr' id='par_1_3' title="bbox 602 837 1419 888">
     <span class='ocr_line' id='line_1_8' title="bbox 602 837 1419 888; baseline 0.004 -11"><span class='ocrx_word' id='word_1_52' title='bbox 602 837 701 885; x_wconf 73' lang='grc' dir='ltr'><em>ἥξειν</em></span> <span class='ocrx_word' id='word_1_53' title='bbox 731 837 892 888; x_wconf 80' lang='grc' dir='ltr'><em>νομίζεις</em></span> <span class='ocrx_word' id='word_1_54' title='bbox 922 839 1046 880; x_wconf 80' lang='grc' dir='ltr'><em>παῖδα</em></span> <span class='ocrx_word' id='word_1_55' title='bbox 1074 840 1138 878; x_wconf 83' lang='grc' dir='ltr'><strong>σὸν</strong></span> <span class='ocrx_word' id='word_1_56' title='bbox 1166 840 1286 887; x_wconf 70' lang='grc' dir='ltr'><em>γαίας</em></span> <span class='ocrx_word' id='word_1_57' title='bbox 1313 841 1419 886; x_wconf 64' lang='grc' dir='ltr'><em>κᾶπος</em></span> 
     </span>
    </p>
   </div>
   <div class='ocr_carea' id='block_1_4' title="bbox 380 951 1642 1148">
    <p class='ocr_par' dir='ltr' id='par_1_4' title="bbox 380 951 1642 1148">
     <span class='ocr_line' id='line_1_9' title="bbox 380 951 1642 1003; baseline 0.002 -13"><span class='ocrx_word' id='word_1_58' title='bbox 380 952 407 991; x_wconf 88' lang='lat' dir='ltr'><strong>i.</strong></span> <span class='ocrx_word' id='word_1_59' title='bbox 423 965 456 992; x_wconf 92' lang='lat' dir='ltr'><strong>e.</strong></span> <span class='ocrx_word' id='word_1_60' title='bbox 485 964 576 990; x_wconf 90' lang='lat' dir='ltr'><strong>num</strong></span> <span class='ocrx_word' id='word_1_61' title='bbox 611 954 652 990; x_wconf 89' lang='lat' dir='ltr'><strong>tu</strong></span> <span class='ocrx_word' id='word_1_62' title='bbox 689 954 800 1003; x_wconf 85' lang='lat' dir='ltr'><strong>putas</strong></span> <span class='ocrx_word' id='word_1_63' title='bbox 837 951 956 989; x_wconf 84' lang='lat' dir='ltr'><strong>filium</strong></span> <span class='ocrx_word' id='word_1_64' title='bbox 995 954 1102 990; x_wconf 90' lang='lat' dir='ltr'><strong>tuum</strong></span> <span class='ocrx_word' id='word_1_65' title='bbox 1140 952 1186 991; x_wconf 85' lang='lat' dir='ltr'><strong>ab</strong></span> <span class='ocrx_word' id='word_1_66' title='bbox 1220 952 1347 991; x_wconf 85' lang='lat' dir='ltr'><strong>inferis</strong></span> <span class='ocrx_word' id='word_1_67' title='bbox 1379 952 1642 992; x_wconf 83' lang='lat' dir='ltr'><strong>adscensurum</strong></span> 
     </span>
     <span class='ocr_line' id='line_1_10' title="bbox 383 1024 1642 1077; baseline 0.001 -13"><span class='ocrx_word' id='word_1_68' title='bbox 383 1039 483 1073; x_wconf 89' lang='lat' dir='ltr'><strong>esse,</strong></span> <span class='ocrx_word' id='word_1_69' title='bbox 523 1024 661 1073; x_wconf 82' lang='grc' dir='ltr'><em>ὑπὲρ,</em></span> <span class='ocrx_word' id='word_1_70' title='bbox 701 1024 872 1077; x_wconf 76' lang='lat' dir='ltr'><strong>legentis,</strong></span> <span class='ocrx_word' id='word_1_71' title='bbox 930 1024 1033 1073; x_wconf 79' lang='lat' dir='ltr'><strong>Quid</strong></span> <span class='ocrx_word' id='word_1_72' title='bbox 1058 1038 1143 1064; x_wconf 90' lang='lat' dir='ltr'><strong>vero</strong></span> <span class='ocrx_word' id='word_1_73' title='bbox 1171 1025 1245 1063; x_wconf 84' lang='lat' dir='ltr'><strong>iam</strong></span> <span class='ocrx_word' id='word_1_74' title='bbox 1279 1024 1365 1064; x_wconf 88' lang='lat' dir='ltr'><strong>inde</strong></span> <span class='ocrx_word' id='word_1_75' title='bbox 1398 1024 1444 1064; x_wconf 84' lang='lat' dir='ltr'><strong>ab</strong></span> <span class='ocrx_word' id='word_1_76' title='bbox 1477 1024 1642 1065; x_wconf 86' lang='lat' dir='ltr'>Homero</span> 
     </span>
     <span class='ocr_line' id='line_1_11' title="bbox 380 1097 1642 1148; baseline 0 -10"><span class='ocrx_word' id='word_1_77' title='bbox 380 1099 420 1138; x_wconf 91' lang='lat' dir='ltr'><strong>in</strong></span> <span class='ocrx_word' id='word_1_78' title='bbox 449 1098 586 1138; x_wconf 79' lang='lat' dir='ltr'><strong>talibus</strong></span> <span class='ocrx_word' id='word_1_79' title='bbox 615 1097 790 1136; x_wconf 77' lang='lat' dir='ltr'><strong>usitatius</strong></span> <span class='ocrx_word' id='word_1_80' title='bbox 819 1111 929 1148; x_wconf 85' lang='lat' dir='ltr'><strong>quam</strong></span> <span class='ocrx_word' id='word_1_81' title='bbox 960 1098 1059 1136; x_wconf 79' lang='grc' dir='ltr'><em>ὑπὸΡ</em></span> <span class='ocrx_word' id='word_1_82' title='bbox 1089 1097 1145 1137; x_wconf 84' lang='lat' dir='ltr'><strong>Of.</strong></span> <span class='ocrx_word' id='word_1_83' title='bbox 1175 1097 1284 1137; x_wconf 85' lang='lat' dir='ltr'><strong>Iliad.</strong></span> <span class='ocrx_word' id='word_1_84' title='bbox 1312 1098 1397 1138; x_wconf 92' lang='lat' dir='ltr'><strong>Lib.</strong></span> <span class='ocrx_word' id='word_1_85' title='bbox 1421 1098 1540 1146; x_wconf 88' lang='lat' dir='ltr'>XXI,</span> <span class='ocrx_word' id='word_1_86' title='bbox 1571 1099 1642 1138; x_wconf 86' lang='lat'><strong>56:</strong></span> 
     </span>
    </p>
   </div>
   <div class='ocr_carea' id='block_1_5' title="bbox 465 1195 1514 1322">
    <p class='ocr_par' dir='ltr' id='par_1_5' title="bbox 465 1195 1514 1322">
     <span class='ocr_line' id='line_1_12' title="bbox 465 1195 1514 1249; baseline 0.001 -12"><span class='ocrx_word' id='word_1_87' title='bbox 465 1195 487 1243; x_wconf 82' lang='grc' dir='ltr'><strong><em>ἦ</em></strong></span> <span class='ocrx_word' id='word_1_88' title='bbox 515 1197 631 1247; x_wconf 79' lang='grc' dir='ltr'><em>μάλα</em></span> <span class='ocrx_word' id='word_1_89' title='bbox 660 1200 702 1244; x_wconf 73' lang='grc' dir='ltr'><strong>δὴ</strong></span> <span class='ocrx_word' id='word_1_90' title='bbox 733 1202 859 1247; x_wconf 77' lang='grc' dir='ltr'><em>Τρῶες</em></span> <span class='ocrx_word' id='word_1_91' title='bbox 890 1200 1155 1248; x_wconf 73' lang='grc' dir='ltr'><em>μεγαλήτορες</em></span> <span class='ocrx_word' id='word_1_92' title='bbox 1186 1198 1321 1248; x_wconf 75' lang='grc' dir='ltr'><em>οὕσπερ</em></span> <span class='ocrx_word' id='word_1_93' title='bbox 1351 1198 1514 1249; x_wconf 80' lang='grc' dir='ltr'><em>ἔπεφνον</em></span> 
     </span>
     <span class='ocr_line' id='line_1_13' title="bbox 468 1268 1384 1322; baseline 0.003 -12"><span class='ocrx_word' id='word_1_94' title='bbox 468 1268 576 1316; x_wconf 78' lang='grc' dir='ltr'><em>αὖτις</em></span> <span class='ocrx_word' id='word_1_95' title='bbox 607 1272 890 1317; x_wconf 69' lang='grc' dir='ltr'><strong>ἀναστήσονται</strong></span> <span class='ocrx_word' id='word_1_96' title='bbox 923 1273 1008 1311; x_wconf 82' lang='grc' dir='ltr'><strong>ὑπὸ</strong></span> <span class='ocrx_word' id='word_1_97' title='bbox 1040 1271 1155 1322; x_wconf 81' lang='grc' dir='ltr'><em>ζόφου</em></span> <span class='ocrx_word' id='word_1_98' title='bbox 1186 1272 1384 1322; x_wconf 79' lang='grc' dir='ltr'><em>ἠερόεντος.</em></span> 
     </span>
    </p>
   </div>
   <div class='ocr_carea' id='block_1_6' title="bbox 387 1383 1652 1876">
    <p class='ocr_par' dir='ltr' id='par_1_6' title="bbox 387 1383 1652 1876">
     <span class='ocr_line' id='line_1_14' title="bbox 441 1383 1646 1436; baseline 0.002 -14"><span class='ocrx_word' id='word_1_99' title='bbox 441 1383 503 1423; x_wconf 72' lang='grc' dir='ltr'><em>διά</em></span> <span class='ocrx_word' id='word_1_100' title='bbox 525 1383 602 1436; x_wconf 80' lang='grc' dir='ltr'><em>(δι’)</em></span> <span class='ocrx_word' id='word_1_101' title='bbox 636 1396 899 1435; x_wconf 84' lang='lat' dir='ltr'><strong>saepenumero</strong></span> <span class='ocrx_word' id='word_1_102' title='bbox 934 1386 997 1422; x_wconf 87' lang='lat' dir='ltr'><strong>aut</strong></span> <span class='ocrx_word' id='word_1_103' title='bbox 1035 1384 1130 1422; x_wconf 84' lang='lat' dir='ltr'><strong>male</strong></span> <span class='ocrx_word' id='word_1_104' title='bbox 1158 1383 1290 1436; x_wconf 87' lang='lat' dir='ltr'><strong>pedem</strong></span> <span class='ocrx_word' id='word_1_105' title='bbox 1330 1384 1460 1423; x_wconf 88' lang='lat' dir='ltr'><strong>intulit</strong></span> <span class='ocrx_word' id='word_1_106' title='bbox 1488 1389 1554 1424; x_wconf 88' lang='lat' dir='ltr'><strong>aut</strong></span> <span class='ocrx_word' id='word_1_107' title='bbox 1586 1399 1646 1425; x_wconf 87' lang='lat' dir='ltr'><strong>ex-</strong></span> 
     </span>
     <span class='ocr_line' id='line_1_15' title="bbox 387 1456 1648 1508; baseline 0 -12"><span class='ocrx_word' id='word_1_108' title='bbox 387 1458 480 1497; x_wconf 81' lang='lat' dir='ltr'><strong>cidit</strong></span> <span class='ocrx_word' id='word_1_109' title='bbox 509 1462 583 1496; x_wconf 82' lang='lat' dir='ltr'><strong>tam</strong></span> <span class='ocrx_word' id='word_1_110' title='bbox 612 1461 697 1496; x_wconf 85' lang='lat' dir='ltr'><strong>ante</strong></span> <span class='ocrx_word' id='word_1_111' title='bbox 726 1470 837 1507; x_wconf 83' lang='lat' dir='ltr'><strong>quam</strong></span> <span class='ocrx_word' id='word_1_112' title='bbox 867 1460 953 1508; x_wconf 82' lang='lat' dir='ltr'><strong>post</strong></span> <span class='ocrx_word' id='word_1_113' title='bbox 977 1471 1002 1494; x_wconf 89' lang='grc' dir='ltr'><em>α</em></span> <span class='ocrx_word' id='word_1_114' title='bbox 1027 1460 1064 1494; x_wconf 90' lang='lat' dir='ltr'><strong>et</strong></span> <span class='ocrx_word' id='word_1_115' title='bbox 1085 1456 1115 1495; x_wconf 81' lang='grc' dir='ltr'><strong>δ.</strong></span> <span class='ocrx_word' id='word_1_116' title='bbox 1174 1456 1286 1504; x_wconf 75' lang='lat' dir='ltr'><strong>Quod</strong></span> <span class='ocrx_word' id='word_1_117' title='bbox 1312 1470 1422 1495; x_wconf 83' lang='lat' dir='ltr'><strong>nemo</strong></span> <span class='ocrx_word' id='word_1_118' title='bbox 1454 1457 1648 1496; x_wconf 85' lang='lat' dir='ltr'><strong>mirabitur</strong></span> 
     </span>
     <span class='ocr_line' id='line_1_16' title="bbox 389 1529 1646 1582; baseline 0.001 -13"><span class='ocrx_word' id='word_1_119' title='bbox 389 1530 455 1582; x_wconf 90' lang='lat' dir='ltr'><strong>qui</strong></span> <span class='ocrx_word' id='word_1_120' title='bbox 489 1529 698 1569; x_wconf 87' lang='lat' dir='ltr'><strong>meminerit</strong></span> <span class='ocrx_word' id='word_1_121' title='bbox 738 1529 845 1569; x_wconf 90' lang='lat' dir='ltr'><strong>hasce</strong></span> <span class='ocrx_word' id='word_1_122' title='bbox 880 1529 1007 1569; x_wconf 86' lang='lat' dir='ltr'><strong>literas</strong></span> <span class='ocrx_word' id='word_1_123' title='bbox 1041 1529 1290 1569; x_wconf 83' lang='lat' dir='ltr'><strong>inexercitatis</strong></span> <span class='ocrx_word' id='word_1_124' title='bbox 1319 1529 1434 1569; x_wconf 91' lang='lat' dir='ltr'><strong>oculis</strong></span> <span class='ocrx_word' id='word_1_125' title='bbox 1463 1545 1508 1569; x_wconf 91' lang='grc' dir='ltr'><em>αι</em></span> <span class='ocrx_word' id='word_1_126' title='bbox 1539 1534 1575 1570; x_wconf 86' lang='lat' dir='ltr'><strong>et</strong></span> <span class='ocrx_word' id='word_1_127' title='bbox 1606 1530 1646 1570; x_wconf 75' lang='grc' dir='ltr'><em>δι</em></span> 
     </span>
     <span class='ocr_line' id='line_1_17' title="bbox 389 1602 1649 1656; baseline 0 -13"><span class='ocrx_word' id='word_1_128' title='bbox 389 1604 530 1643; x_wconf 89' lang='lat' dir='ltr'><strong>similes</strong></span> <span class='ocrx_word' id='word_1_129' title='bbox 567 1603 696 1642; x_wconf 86' lang='lat' dir='ltr'><strong>videri.</strong></span> <span class='ocrx_word' id='word_1_130' title='bbox 755 1603 800 1642; x_wconf 90' lang='lat' dir='ltr'><strong>In</strong></span> <span class='ocrx_word' id='word_1_131' title='bbox 839 1603 959 1655; x_wconf 88' lang='lat' dir='ltr'><strong>Longi</strong></span> <span class='ocrx_word' id='word_1_132' title='bbox 1003 1602 1250 1642; x_wconf 84' lang='lat' dir='ltr'><strong>Pastoralibus</strong></span> <span class='ocrx_word' id='word_1_133' title='bbox 1289 1617 1373 1656; x_wconf 85' lang='lat' dir='ltr'><strong>pag.</strong></span> <span class='ocrx_word' id='word_1_134' title='bbox 1416 1605 1490 1642; x_wconf 84' lang='lat'><strong>153</strong></span> <span class='ocrx_word' id='word_1_135' title='bbox 1534 1603 1649 1643; x_wconf 86' lang='lat' dir='ltr'><strong>Cour-</strong></span> 
     </span>
     <span class='ocr_line' id='line_1_18' title="bbox 388 1676 1648 1730; baseline 0 -13"><span class='ocrx_word' id='word_1_136' title='bbox 388 1678 508 1718; x_wconf 89' lang='lat' dir='ltr'><strong>rierus</strong></span> <span class='ocrx_word' id='word_1_137' title='bbox 550 1691 738 1730; x_wconf 84' lang='lat' dir='ltr'><strong>perperam</strong></span> <span class='ocrx_word' id='word_1_138' title='bbox 787 1677 906 1716; x_wconf 89' lang='lat' dir='ltr'><strong>edidit</strong></span> <span class='ocrx_word' id='word_1_139' title='bbox 947 1676 1137 1716; x_wconf 79' lang='grc' dir='ltr'><em>ἐπιθέσθαι</em></span> <span class='ocrx_word' id='word_1_140' title='bbox 1183 1676 1324 1724; x_wconf 72' lang='grc' dir='ltr'><em>διέγνω</em></span> <span class='ocrx_word' id='word_1_141' title='bbox 1369 1678 1420 1726; x_wconf 78' lang='grc' dir='ltr'><strong>τῷ</strong></span> <span class='ocrx_word' id='word_1_142' title='bbox 1466 1676 1648 1725; x_wconf 79' lang='grc' dir='ltr'><em>Δάφνιδι.</em></span> 
     </span>
     <span class='ocr_line' id='line_1_19' title="bbox 393 1750 1652 1803; baseline 0 -13"><span class='ocrx_word' id='word_1_143' title='bbox 393 1751 506 1790; x_wconf 88' lang='lat' dir='ltr'><strong>Recte</strong></span> <span class='ocrx_word' id='word_1_144' title='bbox 532 1750 602 1789; x_wconf 86' lang='lat' dir='ltr'><strong>viri</strong></span> <span class='ocrx_word' id='word_1_145' title='bbox 631 1750 733 1789; x_wconf 90' lang='lat' dir='ltr'><strong>docti</strong></span> <span class='ocrx_word' id='word_1_146' title='bbox 761 1750 1071 1803; x_wconf 84' lang='lat' dir='ltr'><strong>praepositionem</strong></span> <span class='ocrx_word' id='word_1_147' title='bbox 1095 1751 1275 1790; x_wconf 88' lang='lat' dir='ltr'><strong>delerunt.</strong></span> <span class='ocrx_word' id='word_1_148' title='bbox 1314 1751 1452 1790; x_wconf 81' lang='lat' dir='ltr'><strong>Eadem</strong></span> <span class='ocrx_word' id='word_1_149' title='bbox 1473 1751 1518 1790; x_wconf 90' lang='lat' dir='ltr'><strong>de</strong></span> <span class='ocrx_word' id='word_1_150' title='bbox 1543 1765 1652 1790; x_wconf 85' lang='lat' dir='ltr'><strong>causa</strong></span> 
     </span>
     <span class='ocr_line' id='line_1_20' title="bbox 395 1823 1652 1876; baseline 0.001 -14"><span class='ocrx_word' id='word_1_151' title='bbox 395 1824 542 1876; x_wconf 86' lang='lat' dir='ltr'><strong>saepius</strong></span> <span class='ocrx_word' id='word_1_152' title='bbox 570 1824 820 1862; x_wconf 84' lang='lat' dir='ltr'><strong>confuderunt</strong></span> <span class='ocrx_word' id='word_1_153' title='bbox 849 1823 1078 1873; x_wconf 65' lang='grc' dir='ltr'><em>ἁρπάζειν</em></span> <span class='ocrx_word' id='word_1_154' title='bbox 1109 1828 1146 1862; x_wconf 89' lang='lat' dir='ltr'><strong>et</strong></span> <span class='ocrx_word' id='word_1_155' title='bbox 1175 1823 1475 1874; x_wconf 77' lang='grc' dir='ltr'><em>διαρπάζειν,</em></span> <span class='ocrx_word' id='word_1_156' title='bbox 1517 1825 1652 1863; x_wconf 82' lang='grc' dir='ltr'><em>άπει-</em></span> 
     </span>
    </p>
   </div>
   <div class='ocr_carea' id='block_1_7' title="bbox 395 1897 1653 2020">
    <p class='ocr_par' dir='ltr' id='par_1_7' title="bbox 395 1897 1653 2020">
     <span class='ocr_line' id='line_1_21' title="bbox 395 1897 1653 1948; baseline 0.001 -12"><span class='ocrx_word' id='word_1_157' title='bbox 395 1898 594 1936; x_wconf 81' lang='grc' dir='ltr'><em>λεῖσθαι</em></span> <span class='ocrx_word' id='word_1_158' title='bbox 636 1898 751 1948; x_wconf 88' lang='lat' dir='ltr'><strong>(quod</strong></span> <span class='ocrx_word' id='word_1_159' title='bbox 782 1911 849 1946; x_wconf 77' lang='lat' dir='ltr'><strong>per</strong></span> <span class='ocrx_word' id='word_1_160' title='bbox 885 1911 922 1935; x_wconf 72' lang='lat' dir='ltr'><strong>se</strong></span> <span class='ocrx_word' id='word_1_161' title='bbox 951 1897 1128 1936; x_wconf 89' lang='lat' dir='ltr'><strong>vitiosum</strong></span> <span class='ocrx_word' id='word_1_162' title='bbox 1157 1901 1214 1936; x_wconf 88' lang='lat' dir='ltr'><strong>est</strong></span> <span class='ocrx_word' id='word_1_163' title='bbox 1241 1911 1327 1936; x_wconf 84' lang='lat' dir='ltr'><strong>nam</strong></span> <span class='ocrx_word' id='word_1_164' title='bbox 1356 1897 1489 1936; x_wconf 84' lang='lat' dir='ltr'><strong>Graeci</strong></span> <span class='ocrx_word' id='word_1_165' title='bbox 1522 1899 1653 1937; x_wconf 78' lang='grc' dir='ltr'><em>άπει-</em></span> 
     </span>
     <span class='ocr_line' id='line_1_22' title="bbox 397 1969 1195 2020; baseline -0.001 -11"><span class='ocrx_word' id='word_1_166' title='bbox 397 1975 503 2009; x_wconf 71' lang='grc' dir='ltr'><em>λεῖν</em></span> <span class='ocrx_word' id='word_1_167' title='bbox 534 1969 720 2020; x_wconf 87' lang='lat' dir='ltr'><strong>dicebant)</strong></span> <span class='ocrx_word' id='word_1_168' title='bbox 752 1973 789 2008; x_wconf 91' lang='lat' dir='ltr'><strong>et</strong></span> <span class='ocrx_word' id='word_1_169' title='bbox 817 1969 1096 2008; x_wconf 79' lang='grc' dir='ltr'><em>διαπειλεῖσθαι</em></span> <span class='ocrx_word' id='word_1_170' title='bbox 1126 1973 1195 2009; x_wconf 85' lang='lat' dir='ltr'><strong>ete.</strong></span> 
     </span>
    </p>
   </div>
   <div class='ocr_carea' id='block_1_8' title="bbox 398 2042 1661 2535">
    <p class='ocr_par' dir='ltr' id='par_1_8' title="bbox 398 2042 1661 2535">
     <span class='ocr_line' id='line_1_23' title="bbox 453 2042 1657 2094; baseline -0.001 -12"><span class='ocrx_word' id='word_1_171' title='bbox 453 2043 500 2082; x_wconf 89' lang='lat' dir='ltr'><strong>In</strong></span> <span class='ocrx_word' id='word_1_172' title='bbox 529 2042 775 2094; x_wconf 86' lang='lat' dir='ltr'><strong>quorumdam</strong></span> <span class='ocrx_word' id='word_1_173' title='bbox 813 2042 994 2080; x_wconf 87' lang='lat' dir='ltr'><strong>Codicum</strong></span> <span class='ocrx_word' id='word_1_174' title='bbox 1030 2042 1211 2093; x_wconf 88' lang='lat' dir='ltr'><strong>scriptura</strong></span> <span class='ocrx_word' id='word_1_175' title='bbox 1239 2043 1290 2081; x_wconf 80' lang='grc' dir='ltr'><em>δι’</em></span> <span class='ocrx_word' id='word_1_176' title='bbox 1313 2043 1443 2094; x_wconf 83' lang='lat' dir='ltr'><strong>(aeque</strong></span> <span class='ocrx_word' id='word_1_177' title='bbox 1475 2057 1517 2081; x_wconf 86' lang='lat' dir='ltr'><strong>ac</strong></span> <span class='ocrx_word' id='word_1_178' title='bbox 1547 2043 1589 2087; x_wconf 71' lang='grc' dir='ltr'><strong>δὴ</strong></span> <span class='ocrx_word' id='word_1_179' title='bbox 1619 2047 1657 2081; x_wconf 90' lang='lat' dir='ltr'><strong>et</strong></span> 
     </span>
     <span class='ocr_line' id='line_1_24' title="bbox 399 2114 1657 2167; baseline -0.002 -11"><span class='ocrx_word' id='word_1_180' title='bbox 399 2117 436 2166; x_wconf 80' lang='grc' dir='ltr'><strong>δρ</strong></span> <span class='ocrx_word' id='word_1_181' title='bbox 481 2115 526 2154; x_wconf 87' lang='lat' dir='ltr'><strong>de</strong></span> <span class='ocrx_word' id='word_1_182' title='bbox 570 2115 706 2166; x_wconf 91' lang='lat' dir='ltr'><strong>quibus</strong></span> <span class='ocrx_word' id='word_1_183' title='bbox 749 2114 932 2153; x_wconf 85' lang='lat' dir='ltr'><strong>videndus</strong></span> <span class='ocrx_word' id='word_1_184' title='bbox 975 2118 1031 2152; x_wconf 80' lang='lat' dir='ltr'><strong>est</strong></span> <span class='ocrx_word' id='word_1_185' title='bbox 1072 2114 1220 2153; x_wconf 85' lang='lat' dir='ltr'><strong>Bastius</strong></span> <span class='ocrx_word' id='word_1_186' title='bbox 1262 2115 1306 2153; x_wconf 84' lang='lat' dir='ltr'><strong>ad</strong></span> <span class='ocrx_word' id='word_1_187' title='bbox 1345 2115 1458 2167; x_wconf 85' lang='lat' dir='ltr'><strong>Greg.</strong></span> <span class='ocrx_word' id='word_1_188' title='bbox 1489 2128 1524 2166; x_wconf 89' lang='lat' dir='ltr'><strong>p.</strong></span> <span class='ocrx_word' id='word_1_189' title='bbox 1557 2117 1657 2163; x_wconf 83' lang='lat'><strong>711,</strong></span> 
     </span>
     <span class='ocr_line' id='line_1_25' title="bbox 398 2186 1658 2240; baseline -0.002 -12"><span class='ocrx_word' id='word_1_190' title='bbox 398 2188 488 2228; x_wconf 82' lang='lat' dir='ltr'><strong>Tab.</strong></span> <span class='ocrx_word' id='word_1_191' title='bbox 518 2187 615 2236; x_wconf 84' lang='lat' dir='ltr'>VII,</span> <span class='ocrx_word' id='word_1_192' title='bbox 650 2189 714 2240; x_wconf 82' lang='lat'><strong>14)</strong></span> <span class='ocrx_word' id='word_1_193' title='bbox 745 2188 807 2227; x_wconf 88' lang='lat' dir='ltr'><strong>vix</strong></span> <span class='ocrx_word' id='word_1_194' title='bbox 837 2187 1084 2239; x_wconf 85' lang='lat' dir='ltr'><strong>distinguitur</strong></span> <span class='ocrx_word' id='word_1_195' title='bbox 1119 2187 1165 2226; x_wconf 85' lang='lat' dir='ltr'><strong>ab</strong></span> <span class='ocrx_word' id='word_1_196' title='bbox 1193 2188 1210 2226; x_wconf 90' lang='grc' dir='ltr'><em>ε’</em></span> <span class='ocrx_word' id='word_1_197' title='bbox 1220 2187 1255 2234; x_wconf 77' lang='grc' dir='ltr'><strong>ξ.</strong></span> <span class='ocrx_word' id='word_1_198' title='bbox 1311 2186 1400 2227; x_wconf 88' lang='lat' dir='ltr'><strong>Non</strong></span> <span class='ocrx_word' id='word_1_199' title='bbox 1430 2192 1658 2240; x_wconf 81' lang='lat' dir='ltr'><strong>perspectam</strong></span> 
     </span>
     <span class='ocr_line' id='line_1_26' title="bbox 399 2261 1658 2312; baseline -0.002 -11"><span class='ocrx_word' id='word_1_200' title='bbox 399 2262 584 2302; x_wconf 86' lang='lat' dir='ltr'><strong>habebant</strong></span> <span class='ocrx_word' id='word_1_201' title='bbox 613 2266 755 2301; x_wconf 85' lang='lat' dir='ltr'><strong>veteres</strong></span> <span class='ocrx_word' id='word_1_202' title='bbox 785 2261 903 2300; x_wconf 87' lang='lat' dir='ltr'><strong>critici</strong></span> <span class='ocrx_word' id='word_1_203' title='bbox 936 2261 1175 2309; x_wconf 88' lang='lat' dir='ltr'><strong>mendorum,</strong></span> <span class='ocrx_word' id='word_1_204' title='bbox 1215 2274 1309 2312; x_wconf 86' lang='lat' dir='ltr'><strong>quae</strong></span> <span class='ocrx_word' id='word_1_205' title='bbox 1337 2261 1423 2299; x_wconf 88' lang='lat' dir='ltr'><strong>inde</strong></span> <span class='ocrx_word' id='word_1_206' title='bbox 1452 2261 1658 2308; x_wconf 86' lang='lat' dir='ltr'><strong>fluxerunt,</strong></span> 
     </span>
     <span class='ocr_line' id='line_1_27' title="bbox 401 2334 1659 2388; baseline -0.002 -13"><span class='ocrx_word' id='word_1_207' title='bbox 401 2336 601 2388; x_wconf 88' lang='lat' dir='ltr'><strong>originem,</strong></span> <span class='ocrx_word' id='word_1_208' title='bbox 641 2335 767 2387; x_wconf 85' lang='lat' dir='ltr'><strong>itaque</strong></span> <span class='ocrx_word' id='word_1_209' title='bbox 804 2335 904 2387; x_wconf 88' lang='lat' dir='ltr'><strong>apud</strong></span> <span class='ocrx_word' id='word_1_210' title='bbox 938 2334 1221 2383; x_wconf 87' lang='lat' dir='ltr'><strong>Casaubonum,</strong></span> <span class='ocrx_word' id='word_1_211' title='bbox 1260 2334 1490 2383; x_wconf 90' lang='lat' dir='ltr'><strong>Bentleium,</strong></span> <span class='ocrx_word' id='word_1_212' title='bbox 1528 2334 1659 2373; x_wconf 90' lang='lat' dir='ltr'><strong>Porso·</strong></span> 
     </span>
     <span class='ocr_line' id='line_1_28' title="bbox 400 2407 1659 2458; baseline -0.002 -9"><span class='ocrx_word' id='word_1_213' title='bbox 400 2423 506 2458; x_wconf 90' lang='lat' dir='ltr'><strong>num,</strong></span> <span class='ocrx_word' id='word_1_214' title='bbox 532 2407 742 2448; x_wconf 86' lang='lat' dir='ltr'><strong>Dobraeum</strong></span> <span class='ocrx_word' id='word_1_215' title='bbox 771 2408 833 2446; x_wconf 82' lang='lat' dir='ltr'><strong>vix</strong></span> <span class='ocrx_word' id='word_1_216' title='bbox 861 2408 1030 2447; x_wconf 88' lang='lat' dir='ltr'><strong>invenias</strong></span> <span class='ocrx_word' id='word_1_217' title='bbox 1049 2407 1182 2447; x_wconf 86' lang='lat' dir='ltr'><strong>idonea</strong></span> <span class='ocrx_word' id='word_1_218' title='bbox 1210 2407 1511 2446; x_wconf 87' lang='lat' dir='ltr'><strong>emendationum</strong></span> <span class='ocrx_word' id='word_1_219' title='bbox 1539 2420 1659 2446; x_wconf 87' lang='lat' dir='ltr'><strong>exem-</strong></span> 
     </span>
     <span class='ocr_line' id='line_1_29' title="bbox 404 2480 1661 2535; baseline -0.002 -14"><span class='ocrx_word' id='word_1_220' title='bbox 404 2483 476 2535; x_wconf 88' lang='lat' dir='ltr'><strong>pla.</strong></span> <span class='ocrx_word' id='word_1_221' title='bbox 534 2481 645 2531; x_wconf 80' lang='lat' dir='ltr'><strong>Quod</strong></span> <span class='ocrx_word' id='word_1_222' title='bbox 674 2481 731 2520; x_wconf 88' lang='lat' dir='ltr'><strong>illi</strong></span> <span class='ocrx_word' id='word_1_223' title='bbox 759 2481 987 2532; x_wconf 85' lang='lat' dir='ltr'><strong>reliquerunt</strong></span> <span class='ocrx_word' id='word_1_224' title='bbox 1016 2481 1170 2534; x_wconf 83' lang='lat' dir='ltr'><strong>perfecit</strong></span> <span class='ocrx_word' id='word_1_225' title='bbox 1197 2481 1381 2529; x_wconf 90' lang='lat' dir='ltr'><strong>Cobetus,</strong></span> <span class='ocrx_word' id='word_1_226' title='bbox 1418 2480 1484 2532; x_wconf 92' lang='lat' dir='ltr'><strong>qui</strong></span> <span class='ocrx_word' id='word_1_227' title='bbox 1512 2494 1558 2520; x_wconf 83' lang='lat' dir='ltr'><strong>ex</strong></span> <span class='ocrx_word' id='word_1_228' title='bbox 1592 2481 1661 2519; x_wconf 88' lang='lat' dir='ltr'><strong>hoc</strong></span> 
     </span>
    </p>
   </div>
  </div>
 </body>
</html>
