1937 3075
994 267 1043 303 58

386 406 530 432 summa
568 394 779 433 constantia
817 395 916 446 apud
944 396 1096 434 Veteres
1132 395 1272 434 milites
1310 396 1486 435 dicuntur
1514 397 1648 444 εὐψύ-

385 480 466 515 χως
497 464 722 516 μάχεσθαι,
755 467 953 517 εὐψύχως
982 467 1255 518 ἀγωνίζεσθαι,
1276 469 1439 523 sortiter
1460 483 1650 520 puqnare,

374 540 537 592 fortiter
578 545 720 580 certare
729 559 745 589 ;
796 542 967 589 ἀτυχῶς
1015 539 1216 589 μάχεσθαι
1266 555 1448 594 nusquam
1495 541 1649 594 legitur,

385 613 490 664 quod
531 613 659 654 sciam.
716 614 865 653 Etenim
908 627 984 652 non
1025 614 1149 665 ipsum
1192 615 1374 666 proelium
1417 614 1544 653 infelix
1585 615 1650 654 ha-

385 684 493 726 betur
533 700 555 726 a
596 687 742 740 populis
784 686 943 727 fortibus
984 691 1022 726 et
1064 686 1247 727 bellicosis
1290 687 1355 727 sed
1396 688 1521 727 tristes
1562 687 1650 728 belli

386 758 485 798 vices
514 763 551 798 et
589 764 756 798 eventus.

439 829 633 870 Caeterum
661 831 761 884 apud
788 830 982 880 oratores,
1007 832 1105 884 apud
1134 832 1420 872 Demosthenem
1447 832 1648 885 imprimis,

386 903 565 953 quaedam
608 904 689 942 loca
731 908 928 955 supersunt
967 904 1035 943 ubi
1073 904 1212 956 optima
1250 918 1307 943 res
1345 909 1402 943 est
1440 905 1549 943 huius
1585 905 1650 944 ob·

384 976 603 1015 servationis
641 977 679 1015 in
718 980 882 1029 tempore
919 977 1143 1016 meminisse.
1201 976 1307 1016 Licet
1344 977 1443 1016 enim
1484 978 1650 1017 cuiusvis

385 1049 435 1087 sit
477 1049 683 1088 discernere
724 1050 822 1088 inter
862 1050 1022 1088 animum
1064 1053 1102 1088 et
1138 1052 1352 1100 fortunam,
1396 1050 1512 1088 nimia
1549 1050 1650 1088 festi-

383 1121 486 1160 natio
517 1125 641 1161 tamen
669 1126 707 1161 et
737 1136 845 1161 saeva
874 1136 983 1173 quam
1013 1122 1176 1174 plurima
1214 1123 1347 1161 edendi
1376 1123 1515 1175 cupido
1548 1123 1649 1162 haud

383 1207 466 1233 raro
496 1198 624 1233 acutos
653 1194 813 1233 editores
843 1194 963 1233 coecis
990 1194 1113 1233 reddit
1143 1194 1291 1234 similes.

441 1267 529 1305 Vidi
567 1267 755 1307 interdum
794 1267 892 1318 apud
935 1267 1215 1319 lexicographos
1254 1267 1415 1318 perfecta
1450 1267 1647 1315 εἰληχέναι

386 1343 424 1379 et
453 1339 654 1389 εἰληφέναι
685 1340 850 1379 confusa.
910 1340 1052 1379 Dubito
1083 1345 1202 1378 tamen
1237 1354 1283 1379 an
1322 1354 1366 1378 ex
1404 1340 1650 1379 similitudine

385 1415 418 1461 Φ
449 1417 485 1451 et
513 1427 545 1460 χ
575 1416 686 1451 natus
720 1413 769 1451 sit
806 1426 918 1451 error.
976 1413 1074 1451 Nam
1106 1413 1233 1451 aoristi
1263 1426 1412 1464 quoque
1439 1417 1649 1465 permutan-

385 1489 448 1525 tur
478 1486 539 1538 (cf.
569 1485 661 1526 Gob.
691 1486 790 1525 Nov.
822 1485 925 1525 Lect.
955 1500 993 1538 p.
1025 1486 1132 1537 558).

441 1564 471 1597 Φ
502 1562 540 1598 et
574 1564 605 1597 T
642 1572 788 1610 quoque
827 1558 924 1597 inter
963 1572 1001 1597 se
1037 1557 1216 1597 confundi
1259 1557 1445 1609 exquisito
1485 1557 1651 1610 exemplo

386 1645 444 1670 me
472 1631 600 1670 docuit
619 1631 930 1670 Valckenaerius.‘
974 1630 1021 1669 In
1037 1644 1110 1681 quo
1136 1630 1373 1669 memorando
1393 1631 1578 1682 praesenti
1594 1644 1651 1669 ca-

384 1704 456 1756 piti
475 1705 588 1743 finem
618 1704 768 1756 impono
789 1708 825 1743 et
839 1704 947 1743 laetis
964 1704 1140 1755 auspiciis
1165 1717 1222 1742 mc
1237 1703 1411 1755 accingor
1425 1703 1472 1742 ad
1495 1704 1650 1754 reliqua.

440 1776 571 1815 Servat
610 1777 824 1816 Athenaeus
868 1777 1007 1828 (XIII,
1045 1790 1130 1828 pag.
1162 1778 1239 1815 594
1270 1776 1311 1828 f.)
1358 1776 1653 1828 pulcherrimum

385 1850 636 1902 fragmentum
678 1850 895 1889 Dicaearchi
942 1850 987 1889 de
1025 1853 1267 1889 monumento
1303 1848 1546 1901 Pythionices
1583 1855 1650 1894 τῆς

386 1927 524 1967 καλῆς.
583 1922 707 1962 Locus
744 1922 918 1962 laudatus
956 1923 1010 1961 ita
1044 1922 1193 1975 incipit.
1232 1923 1351 1961 ταύτὸ
1383 1921 1420 1961 δὲ
1451 1921 1561 1961 πάθοι
1593 1938 1650 1967 τις

386 1996 433 2036 ἂν
466 1996 526 2035 ἐπὶ
559 1997 627 2040 τὴν
647 1996 852 2040 Ἀθηναίων
887 1995 996 2035 πόλιν
1029 1996 1307 2044 ἀφικνούμενος
1338 1996 1441 2034 κατὰ
1480 1997 1546 2040 τὴν
1580 1998 1652 2035 ἀπ’

386 2071 603 2112 Ἐλευσῖνος
642 2069 709 2113 τὴν
748 2069 849 2117 ἱεροὶν
885 2069 960 2107 ὁδὸν
997 2067 1248 2115 καλουμένην.
1281 2068 1345 2107 καὶ
1381 2068 1457 2117 γὰρ
1488 2069 1653 2108 ἐνταῦθα

386 2142 593 2185 καταστὰς
623 2139 671 2180 οὗ
705 2141 761 2179 ἂν
797 2140 817 2190 ᾖ
852 2141 895 2179 ro*
925 2144 1066 2188 πρῶτον
1086 2141 1110 2192 25
1138 2146 1205 2184 τῆς
1227 2142 1389 2185 Ἀθηνᾶς
1410 2142 1651 2189 ἀφορώμενος

386 2217 472 2260 νεὼς
504 2215 568 2255 καὶ
605 2213 647 2255 τὸ
680 2214 858 2263 πόλισμα
888 2213 1027 2263 ὄψεται
1060 2214 1166 2263 παρὰ
1203 2215 1270 2259 τὴν
1305 2213 1383 2254 ὁδὸν
1413 2215 1531 2260 αὐτὴν
1562 2215 1651 2264 ᾠκο-

388 2290 596 2337 δομημένον
616 2294 754 2336 μνῆμαι
787 2303 822 2327 κ.
845 2303 881 2326 τ.
903 2297 941 2326 λ.
1001 2288 1046 2326 In
1077 2287 1136 2325 his
1166 2285 1510 2337 ᾖ-οὲφορώμενος
1541 2288 1654 2328 Grae-

386 2378 471 2403 cum
501 2377 576 2402 non
608 2367 675 2402 est.
732 2362 826 2401 Cum
860 2361 1130 2401 Valckenaerio
1167 2361 1395 2400 revocandae
1432 2365 1541 2400 erunt
1581 2365 1655 2401 tres

387 2437 514 2476 literae
551 2435 734 2488 fugitivae
777 2449 868 2486 quas
908 2434 1052 2487 expulit
1095 2434 1273 2473 similium
1312 2434 1499 2474 vicinitas.
1555 2434 1655 2473 Nam

388 2509 637 2548 Dicaearchus
667 2508 834 2547 dederat:
867 2513 935 2546 OT
966 2512 1039 2545 AN
1071 2512 1246 2546 ΦΑΝΗΙ.
