1937 3075
565 871 821 931 CAPUT
872 871 1249 932 QUINTUM.

343 1322 442 1361 Usus
479 1321 798 1374 compendiorum,
842 1322 873 1360 si
910 1334 1026 1360 unum
1062 1321 1100 1360 N
1131 1320 1238 1359 finale
1266 1322 1451 1373 exceperis
1478 1334 1544 1374 per

289 1394 458 1434 lineolam
476 1394 708 1446 praecedenti
728 1394 857 1432 literae
880 1393 1147 1445 suprapositam
1177 1407 1410 1445 expressum,
1438 1394 1542 1433 inva-

288 1467 363 1506 luit
400 1467 546 1506 saeculo
577 1480 676 1505 nono
709 1465 820 1504 simul
853 1479 937 1504 eum
971 1465 1180 1505 charactere
1210 1465 1338 1518 ligato.
1395 1467 1430 1505 A
1468 1480 1541 1518 quo

289 1539 376 1579 inde
403 1543 569 1592 tempore
596 1539 781 1591 quidquid
809 1538 994 1579 scribendi
1023 1539 1184 1578 laborem
1214 1539 1339 1591 aliqua
1366 1554 1412 1579 ex
1440 1544 1545 1593 parte

289 1612 453 1652 minuere
484 1615 607 1665 potest
634 1611 766 1664 cupide
794 1626 815 1651 a
846 1611 1005 1651 librariis
1042 1612 1308 1664 frequentatur.
1365 1614 1417 1652 At
1446 1627 1543 1653 eom-

288 1685 434 1737 peudiis
477 1684 595 1723 multo
638 1684 868 1736 antiquiores
910 1689 1109 1723 occurrunt
1152 1698 1354 1736 paucorum
1402 1686 1547 1738 aliquot
1577 1736 1579 1738 ,

289 1757 607 1797 substantivorum
641 1756 934 1796 abbreviationes
971 1756 1045 1796 iam
1081 1757 1120 1796 in
1149 1757 1412 1797 vetustissimis
1438 1758 1546 1798 libris

289 1830 489 1879 solemnes,
520 1843 615 1881 quae
638 1843 684 1868 ex
706 1828 843 1868 Bibliis
866 1829 1092 1880 caeterisque
1113 1829 1408 1870 Christianorum
1433 1831 1544 1884 scrip·

290 1902 340 1940 tis
375 1902 415 1941 in
452 1902 612 1953 reliquos
654 1902 799 1940 codices
841 1901 1010 1941 invectae
1052 1907 1150 1942 sunt.
1206 1904 1396 1953 Quasnam
1438 1919 1546 1944 voces

289 1974 526 2026 potissimum
556 1974 766 2013 abbreviare
794 1973 974 2026 placuerit
1002 1988 1059 2013 res
1086 1975 1165 2027 ipsa
1197 1976 1343 2016 clamat.
1399 1976 1546 2030 Nempe

289 2050 434 2099 praeter
460 2047 613 2085 nomina
640 2046 787 2099 propria
809 2050 851 2085 ut
865 2048 1028 2092 Ἰησοῦς,
1049 2047 1224 2096 Ἰσραὴλ,
1251 2049 1396 2093 Δαϋὶδ,
1417 2050 1544 2098 Ἰερου-

289 2119 424 2166 σαλὴμ
464 2119 550 2168 alia,
594 2133 689 2171 quae
730 2119 862 2171 quavis
903 2120 1038 2172 pagina
1078 2120 1163 2172 plus
1204 2120 1315 2161 semel
1350 2121 1545 2174 leguntur,

290 2193 422 2232 haecce
450 2192 654 2245 imprimis:
694 2192 793 2238 θεὸς,
834 2191 1042 2241 ἄνθρωπος,
1084 2193 1231 2242 πατὴρ,
1265 2194 1412 2243 μήτηρ,
1442 2196 1542 2241 υἱὸς,

290 2270 469 2312 πνεῦμα,
512 2267 653 2314 κύριος,
692 2266 834 2314 σωτὴρ,
871 2266 1042 2314 οὐρανὸς,
1085 2265 1259 2314 σταυρός.
1318 2267 1380 2305 Fit
1419 2267 1546 2307 abbre-

291 2337 405 2377 viatio
449 2351 593 2377 summa
635 2337 844 2377 constantia
886 2337 925 2376 in
966 2337 1066 2377 hunc
1107 2337 1277 2377 modum:
1321 2339 1549 2379 omittuntur

292 2411 421 2449 literae
463 2411 607 2449 mediae
617 2427 628 2458 ς
672 2410 824 2460 reliquis
860 2410 1124 2462 supraponitur
1160 2410 1255 2449 linea
1288 2411 1547 2460 horizontalis,

292 2495 325 2521 e.
350 2494 402 2521 0.:
451 2471 599 2520 No?
619 2501 668 2516 =
694 2481 903 2531 ἄνθρωπος,
953 2473 1015 2521 ἆ
1038 2502 1088 2517 =
1110 2483 1210 2530 θεὸς,
1256 2475 1384 2522 K—C=
1400 2484 1542 2534 κύριος,
