1937 3075
968 251 1044 290 102

977 380 1047 421 IV.

435 488 483 527 In
511 488 633 528 Schol.
662 489 709 528 ad
737 489 851 530 Hom.
880 489 953 530 Od.
978 495 1005 531 Ξ
1035 503 1071 530 v·
1102 491 1177 529 162
1208 489 1478 529 emendandum
1506 495 1583 530 est:

380 558 492 600 πόθεν
510 561 588 611 γὰρ
608 561 687 612 ᾔδει
706 562 737 602 εἰ
756 562 822 602 καὶ
842 562 885 602 ἐκ
903 563 1082 608 Δωδώνης
1100 562 1344 612 ὑποστρέφων
1364 563 1636 609 somehow

381 632 516 673 Editur
543 635 590 673 οὐ
620 634 832 674 πλοΐσει.

986 725 1034 767 V.

435 832 483 872 In
517 833 641 873 Schol.
673 834 720 872 ad
755 833 871 874 Hom.
900 833 973 874 Od.
1004 839 1037 873 O
1069 848 1105 875 v.
1135 836 1214 874 228
1244 847 1311 887 pro
1349 836 1591 886 Πολυφείδης
1621 836 1637 874 o‘

380 903 521 952 μάντις
549 905 723 946 restitue:
754 905 810 947 II.
840 906 857 945 ὃ
885 906 1060 947 Μαντίου
1091 907 1155 959 (cf.
1184 906 1256 947 Od.
1282 913 1320 946 Ο
1355 921 1390 948 v.
1421 909 1530 960 249).

968 1024 1039 1065 VI.

431 1121 582 1162 Luci-et.
610 1123 655 1162 de
681 1123 792 1162 Deor.
819 1123 915 1164 Nat.
944 1137 980 1164 v.
1012 1125 1088 1163 150
1117 1124 1171 1164 ita
1197 1125 1339 1165 editur:

550 1214 763 1262 Principium
786 1215 863 1251 hinc
887 1215 986 1251 euius
1010 1216 1110 1251 nobis
1135 1216 1273 1252 exordia
1298 1220 1419 1252 sumet.

433 1299 600 1352 Apparet
626 1313 673 1339 ex
715 1299 900 1350 versibus,
939 1300 1007 1352 qui
1049 1300 1228 1341 continuo
1269 1300 1512 1354 praecedunt,
1552 1302 1638 1342 hine

379 1384 458 1411 esse
486 1372 788 1425 expungendum.

964 1435 1057 1476 VII.

429 1535 477 1575 In
505 1534 585 1575 Cic.
614 1534 735 1588 Epist.
765 1535 812 1575 ad
839 1535 922 1576 Att.
952 1535 999 1585 V,
1030 1536 1080 1575 21
1117 1537 1139 1588 ξ
1161 1537 1186 1575 4
1223 1549 1308 1588 pro:
1350 1537 1526 1576 Hermoni
1559 1551 1637 1577 cen-

375 1607 531 1648 turionia
564 1608 731 1655 Oamule,
761 1607 979 1647 Gronovius
1007 1608 1211 1647 rectissime
1240 1608 1371 1648 suadet
1383 1625 1396 1649 ε·
1421 1611 1582 1650 caculae.

941 1714 1055 1754 VIII.

431 1827 479 1866 In
515 1826 620 1867 Caes.
659 1825 705 1865 de
741 1825 846 1866 Bello
885 1823 1029 1865 Gallico
1065 1825 1152 1866 Lib.
1189 1824 1250 1874 II,
1293 1824 1383 1878 Cap.
1428 1827 1451 1864 8
1495 1825 1635 1865 editur:

430 1922 483 1931 --
511 1913 581 1948 ne,
618 1912 704 1938 eum
741 1898 858 1938 aciem
896 1897 1156 1947 instruxisset,
1190 1897 1336 1947 hostes,
1372 1898 1471 1950 quod
1494 1900 1636 1937 tantum

373 1971 613 2013 multitudine
638 1975 828 2024 poterant,
858 1970 904 2010 ab
928 1969 1111 2010 lateribus
1137 1974 1346 2023 pugnantes
1370 1983 1458 2010 suos
1480 1969 1635 2010 circum-

372 2046 499 2085 venire
526 2047 689 2097 possent.

431 2116 630 2170 Scriptoris
659 2129 790 2155 manus
819 2119 894 2154 est:
926 2115 1026 2166 quod
1055 2115 1168 2154 tanta*
1190 2114 1431 2154 multitudine
1451 2117 1633 2165 poterant.

970 2222 1043 2263 IX.

429 2334 542 2391 Apud
569 2334 688 2374 Thuc.
716 2332 803 2374 Lib.
832 2331 897 2382 II,
926 2331 1016 2385 Cap.
1047 2333 1098 2372 89
1129 2334 1257 2372 contra
1284 2330 1536 2381 Badhamum,
1559 2307 1632 2384 ¹pro

374 2408 505 2447 πολλοὶ
535 2407 575 2447 δὲ
598 2407 663 2446 καὶ
690 2406 935 2455 στρατόπεδα
964 2405 1031 2451 ἤδη
1058 2404 1229 2444 ἔπεσεν
1259 2406 1324 2444 ὑπ’
1343 2404 1557 2444 ἐλασσόνων
1581 2412 1629 2454 τῇ

371 2481 546 2532 ἀπειρίᾳ,
571 2479 589 2520 ἔ
597 2495 657 2521 m·
667 2494 711 2520 αι
721 2495 744 2520 o·
754 2495 770 2520 ε
780 2493 798 2519 ν
821 2479 1078 2526 coniicientem
1086 2510 1097 2530 ,
1118 2478 1256 2519 tuenda
1270 2482 1327 2518 est
1342 2478 1492 2532 vulgata
1504 2478 1627 2518 lectio.
