1937 3075
954 256 1004 293 31

410 381 558 421 Deinde
586 383 686 421 iurat
712 396 778 434 per
805 382 934 421 Iovem
964 396 1150 421 summum
1178 384 1327 422 deorum
1351 396 1488 434 perque
1511 395 1611 421 men-

356 467 433 493 sam
461 454 686 507 hospitalem
715 467 789 506 qua
817 457 988 507 receptus
1018 458 1091 494 est:

411 555 433 603 ἦ
462 559 532 607 μέν
561 574 616 599 τοι
646 559 738 598 τάδε
770 557 903 598 πάντα
931 557 1124 598 τελείεται
1154 559 1200 602 ὡς
1230 558 1411 608 ἀγορεύω.

411 633 526 685 (τοῦδ’
546 634 663 672 αὐτοῦ
693 631 942 679 λυκάβαντος
973 631 1175 670 ἐλεύσεται
1205 630 1326 672 ἐνθάδ’
1347 630 1555 673 Ὀδυσσεὺς

407 709 472 745 τοῦ
504 706 573 753 μὲν
604 705 796 754 φθίνοντος
827 705 943 752 μηνὸς
973 708 1038 743 τοῦ
1070 705 1101 744 δ’
1121 703 1353 755 ἱσταμένοιο)

410 779 536 818 οἴκαδε
567 768 738 823 νοστήσει
770 777 833 817 καὶ
865 777 1015 817 τίσεται
1046 775 1149 821 ὅστις
1181 776 1319 816 ἐκείνου

409 851 529 892 ἐνθάδ’
551 851 734 903 οὶτιμοὶζει
765 850 910 901 ἄλοχον
939 852 1004 891 καὶ
1034 851 1219 901 φαίδιμον
1250 849 1338 889 υἱόν.

409 964 512 1002 Duos
550 976 677 1003 versus
716 977 810 1014 quos
847 962 997 1002 uncinis
1040 962 1172 1001 inclusi
1209 961 1355 1014 spurios
1392 974 1471 1000 esse
1504 961 1614 1000 facile

353 1037 528 1077 concedet
558 1038 623 1089 qui
651 1041 775 1077 totum
804 1036 939 1076 librum
968 1036 1167 1089 diligenter
1191 1034 1397 1088 perlegerit.
1454 1033 1501 1073 In
1529 1047 1613 1073 ean-

353 1110 436 1148 dem
474 1114 599 1148 autem
634 1110 882 1161 suspicionem
921 1109 1054 1147 incidit
1092 1108 1314 1147 Scholiastes
1360 1107 1420 1158 (ad
1451 1121 1486 1146 v.
1519 1108 1611 1158 162)

353 1189 608 1233 praeterquam
636 1182 738 1232 quod
765 1182 890 1220 minus
918 1186 1016 1220 recte
1043 1195 1102 1220 me
1139 1180 1262 1219 iudice
1294 1185 1368 1219 tres
1395 1193 1523 1219 versus
1551 1193 1610 1218 ex-

352 1254 569 1306 pungendos
607 1268 685 1293 esse
720 1258 862 1293 censet:
907 1252 1184 1292 ὑποπτεύοντοιι
1213 1253 1244 1292 οἱ
1274 1258 1373 1301 τρεῖς
1402 1253 1449 1296 ὡς
1480 1251 1608 1300 ἀσύμ-

353 1331 466 1376 φωνοι
500 1328 588 1376 πρὸς
619 1327 671 1366 τὰ
703 1327 770 1375 πρὸ
801 1328 925 1366 αὐτῶν
955 1327 1018 1366 ux)
1052 1328 1098 1370 ὡς
1130 1326 1288 1366 ὕποπτοι
1329 1326 1393 1365 καὶ
1437 1324 1607 1366 ἄπιστοι.

352 1399 474 1439 Etiam
505 1413 654 1439 causam
683 1399 806 1439 addit:
840 1399 951 1438 πόθεν
982 1400 1058 1449 γὰρ
1091 1401 1166 1450 ἤδει
1198 1400 1228 1438 εἷ
1260 1399 1323 1438 καὶ
1357 1400 1399 1438 ἐκ
1428 1399 1606 1444 Δωδώνης

354 1472 598 1523 ὑποστρέφων
634 1474 673 1512 οὐ
712 1474 886 1521 πλοΐσει,·
929 1475 981 1513 At
1008 1473 1193 1513 neminem
1227 1472 1325 1524 fugit
1352 1472 1442 1512 haec
1476 1472 1609 1512 ultima

352 1545 463 1585 verba
505 1550 548 1584 ut
588 1559 688 1585 nunc
731 1560 808 1585 sese
851 1546 987 1586 habent
1024 1547 1158 1585 vitiata
1199 1560 1290 1586 esse.
1347 1545 1450 1595 Quid
1492 1545 1608 1598 igitur

350 1618 571 1670 legendum?
629 1618 669 1657 Si
697 1632 756 1657 me
784 1619 890 1658 audis
919 1621 949 1658 εἶ
982 1620 1046 1658 καὶ
1074 1621 1116 1658 ἐκ
1147 1620 1326 1664 Δωδώνης
1360 1618 1606 1668 ὑποστρέφων

351 1692 649 1737 εὐπλοήσει,
681 1692 706 1732 i.
732 1705 765 1732 e.
798 1691 922 1741 „unde
950 1693 1060 1732 enim.
1076 1692 1168 1732 scire
1190 1695 1336 1745 poterat
1363 1705 1410 1731 an
1436 1691 1608 1731 redeunti

348 1779 521 1817 prospera
558 1765 631 1804 sibi
664 1766 791 1805 futura
824 1770 922 1804 esset
957 1765 1198 1818 navigatio’'?
1255 1766 1377 1814 Quam
1414 1780 1540 1805 sanam
1571 1772 1608 1806 et

348 1838 548 1890 genuinam
577 1851 655 1877 esse
683 1838 883 1877 lectionem
912 1838 995 1877 luce
1028 1838 1162 1878 clarius
1190 1842 1339 1890 apparet
1368 1852 1413 1877 ex
1439 1838 1607 1878 versibus

350 1912 565 1949 321—834
596 1925 691 1961 quos
718 1911 878 1963 respexit
906 1912 1180 1963 grammaticus.

402 1981 447 2021 In
490 1982 643 2035 optimis
685 1982 788 2022 libris
829 1982 941 2023 MSS.
985 1983 1113 2023 futiles
1154 1982 1365 2022 istiusmodi
1406 1982 1607 2036 scripturae

348 2054 481 2108 quavis
508 2054 583 2112 fere
611 2055 747 2109 pagina
775 2060 996 2106 occurrunt3
1026 2056 1163 2097 sufficit
1186 2056 1387 2109 quemlibet
1411 2056 1605 2109 antiquum

347 2129 512 2168 codicem
540 2128 721 2181 inspicere
744 2133 782 2168 et
803 2130 942 2182 passim
963 2129 1109 2170 videbis
1133 2128 1228 2176 ἥδιον
1258 2133 1295 2169 et
1321 2128 1434 2176 ἴδιον,
1462 2128 1603 2175 οἴκησις

345 2205 383 2240 et
422 2201 552 2245 οἵκισις
567 2233 577 2247 ,
620 2204 709 2251 ἡμῖν
741 2207 779 2243 et
808 2198 830 2247 ἦ
858 2202 956 2250 μὴν,
1005 2203 1061 2255 (in
1097 2202 1338 2242 iurisiurandi
1375 2202 1548 2255 formula)
1574 2204 1603 2255 ¹)

386 2380 412 2421 ¹)
446 2378 575 2411 Eximie
605 2378 634 2411 si
663 2377 742 2421 quid
766 2377 862 2411 video
890 2388 993 2421 nuper
1021 2376 1208 2411 Badhamus
1236 2377 1272 2410 in
1299 2377 1401 2412 Thuc.
1430 2377 1506 2412 Lib.
1528 2377 1601 2417 III,

342 2434 421 2478 Cap.
454 2435 495 2467 66
539 2434 604 2466 fine
636 2444 693 2477 pro
738 2434 797 2466 καὶ
832 2435 893 2470 τῆν
929 2433 1002 2474 περὶ
1035 2430 1149 2466 αὐτῶν
1183 2432 1281 2474 ἡμῖν
1317 2435 1367 2474 μῆ
1406 2433 1601 2466 κτείνειν

342 2491 543 2532 &suaseram
568 2489 721 2524 ὑπόθεσιν
748 2491 895 2525 restituit
923 2487 940 2527 ἦ
964 2491 1043 2531 μὴν
1068 2493 1114 2532 μῆ
1141 2492 1282 2525 κτενεῖν.
