1937 3075
970 283 1016 323 1⁷

417 412 521 452 Haec
550 413 589 451 in
618 410 888 463 antiquissimis
915 410 1142 450 editionibus
1170 411 1235 450 ubi
1263 415 1420 451 metrum
1452 411 1617 463 complu·

362 485 463 525 ribus
490 485 586 524 locis
614 488 679 524 aut
713 484 823 537 plane
859 482 1062 536 negligitur
1089 487 1155 523 aut
1185 483 1317 524 misere
1343 484 1537 537 iugulatur
1564 484 1617 523 ita

361 558 647 612 distinguuntur
658 574 667 597 ε
1155 546 1157 548 ’

719 618 832 658 ἄλλά
859 633 930 658 τινι
961 619 1026 657 καὶ
1057 619 1134 668 γὰρ
1165 618 1262 664 αὕτη

363 703 464 756 quod
500 702 595 742 nihil
630 706 699 743 est.
755 702 885 741 Atrum
920 699 1116 753 caliginem
1152 699 1315 753 dispellit
1348 700 1447 740 idem
1485 699 1620 741 casau-

362 776 482 815 bonus
514 789 608 827 slope
637 774 786 813 divinae
813 772 997 813 Gritices”
1035 772 1145 811 ἀλλὰ
1181 772 1241 817 τίς
1283 776 1368 823 νικᾷ
1408 774 1484 822 γὰρ
1521 772 1618 819 αὕτη

363 848 435 893 τὰς
465 848 610 897 τέχνας
642 847 774 892 πάσας
805 847 916 887 πολύ.

416 924 550 975 Neque
583 922 738 961 minoris
773 921 1019 974 praestantiae
1055 925 1144 960 sunt
1181 935 1277 973 quae
1313 921 1384 960 hoc
1415 921 1455 960 in
1488 934 1620 974 genere

361 995 475 1035 habet
511 995 720 1035 Richardus
748 994 939 1034 Bentleius
977 993 1016 1034 in
1054 994 1224 1045 Epistola
1251 995 1303 1034 ad
1326 994 1499 1034 Ioannem
1526 994 1621 1034 Mil-

362 1069 452 1107 lium
477 1068 666 1116 „mirabili
687 1067 752 1106 illo
775 1067 918 1120 ingenii
941 1070 979 1106 et
1002 1067 1194 1106 doctrinae
1218 1071 1479 1116 monumento,
1510 1067 1620 1119 quale

360 1141 543 1194 proficisci
571 1155 645 1195 non
673 1143 819 1193 poterat
850 1140 925 1179 nisi
954 1154 974 1179 a
1003 1140 1168 1193 principe
1202 1140 1339 1180 saeculi
1376 1140 1434 1180 sui
1472 1139 1620 1179 critico-

361 1212 470 1253 rum”
495 1214 541 1264 ¹).
597 1212 678 1252 Iam
714 1212 834 1265 prima
867 1212 1002 1265 pagina
1039 1212 1240 1251 incidimus
1273 1213 1312 1251 in
1347 1213 1386 1252 id
1422 1213 1521 1264 quod
1555 1226 1619 1252 vo-

360 1286 493 1325 lumus.
536 1285 748 1338 Castigatur
764 1284 869 1325 locus
897 1284 1147 1325 subobscurus
1171 1284 1324 1325 Ioannis
1344 1285 1523 1334 Malalae,
1552 1284 1618 1324 ho-

361 1360 473 1398 minis
496 1363 573 1397 tam
601 1358 719 1410 inepti
750 1362 794 1397 ut
813 1358 874 1397 vel
896 1358 966 1397 hac
995 1358 1076 1410 ipsa
1102 1358 1148 1397 de
1176 1371 1285 1397 causa
1304 1371 1435 1410 operae
1457 1358 1618 1410 pretium

361 1431 410 1470 sit
440 1431 725 1480 Χρονογρκφίικν
756 1430 836 1469 eius
864 1443 930 1482 per
956 1430 1076 1469 otium
1103 1443 1324 1481 percurrere.
1381 1430 1618 1470 Delectamur

361 1503 460 1542 enim
495 1503 619 1542 nescio
648 1517 723 1554 quo
760 1502 870 1541 modo
908 1501 1077 1541 abstrusa
1114 1502 1181 1541 illa
1215 1506 1291 1542 tam
1329 1502 1482 1554 perfecti
1511 1502 1618 1541 stulti

362 1576 553 1627 sapientia.
609 1575 657 1613 In
690 1575 771 1613 loco
805 1578 929 1613 autem
966 1588 987 1613 a
1022 1574 1190 1613 Bentleio
1228 1579 1392 1614 correcto
1430 1574 1476 1613 de
1518 1588 1619 1613 more

361 1648 430 1688 hoc
467 1651 552 1688 ante
590 1647 714 1688 omnia
751 1646 830 1700 agit
865 1646 952 1700 pius
990 1646 1142 1687 Malalas
1180 1650 1223 1687 ut
1261 1650 1431 1687 accurate
1459 1652 1619 1701 exponat

362 1736 472 1774 quam
514 1722 608 1761 mira
653 1735 759 1774 saepe
802 1721 1007 1760 intercedat
1045 1720 1305 1760 convenientia
1345 1721 1443 1760 inter
1483 1721 1619 1773 placita

361 1795 591 1834 ethnicorum
619 1798 656 1833 et
679 1807 783 1833 verae
810 1793 1003 1846 religionis
1032 1794 1251 1833 doctrinam.
1293 1794 1484 1833 Nimirum
1514 1795 1619 1834 lucu-

360 1868 477 1907 lenter
503 1867 694 1907 ostendere
726 1866 798 1906 sibi
828 1866 975 1905 videtur
1004 1880 1116 1917 quam
1149 1867 1334 1918 praeclare
1362 1866 1532 1919 Orpheus
1559 1867 1619 1906 ille

362 1938 478 1977 multa
505 1938 679 1978 cecinerit
708 1938 859 1977 omnino
889 1939 1007 1982 καθὼς
1040 1940 1208 1982 Μωϋσ-ἣς
1235 1939 1250 1977 ὂ
1281 1939 1477 1990 waiva-omos
1505 1940 1619 1979 κατέ-

361 2013 442 2050 θετο
472 2014 630 2051 ταῦτα]
684 2011 757 2050 Cui
784 2025 859 2050 non
895 2011 998 2051 iussa
1026 2016 1174 2052 tantum
1201 2013 1265 2052 sed
1293 2014 1414 2065 ipsum
1444 2026 1618 2052 arcanum

360 2097 494 2123 nomen
532 2083 604 2122 Dei
641 2082 775 2136 optimi
812 2083 964 2123 maximi
1001 2083 1209 2124 innotuisse
1243 2089 1385 2125 narrat:
1430 2082 1472 2124 οὗ
1499 2084 1618 2133 ὄνομα

362 2157 377 2196 ὃ
398 2144 517 2202 αὐτὸς·
532 2156 701 2207 Ὀρφεὺς
727 2155 897 2201 οἰκούσας
926 2157 967 2196 ἐκ
996 2161 1065 2202 τῆς
1088 2157 1276 2206 μαντείας
1303 2158 1432 2205 ἐξεῖπε
1456 2159 1511 2207 μή
1530 2174 1617 2198 τινα

360 2230 485 2281 φάναι
521 2230 573 2270 τὰ
611 2231 786 2279 ε’ρικεπεὼ
827 2227 931 2283 (ὅπερ
960 2231 1206 2280 ἑρμηνεύεται
1246 2237 1294 2282 τῇ
1324 2238 1423 2282 κοινῇ
1459 2233 1617 2283 γλώσσῃ

360 2304 501 2351 βουλὴ,
529 2306 630 2353 Φῶς,
660 2303 866 2355 ζωοδοτῆρ).
925 2304 1030 2344 Haec
1054 2304 1167 2344 verba
1190 2319 1274 2344 cum
1302 2306 1393 2344 olim
1424 2305 1478 2345 ita
1504 2306 1618 2345 inter-

360 2375 493 2429 pretati
528 2375 604 2415 sint
638 2375 711 2415 viri
749 2375 849 2415 docti
884 2376 1017 2425 'leuius
1051 2390 1187 2417 nomen
1214 2391 1260 2417 ex
1288 2377 1434 2417 oraculo
1462 2377 1617 2419 edoctus

406 2526 430 2568 ¹)
463 2524 571 2559 Verba
590 2524 788 2558 Ruhnkenii.
