1937 3075
906 283 958 319 49

369 410 506 450 Athen.
537 409 660 458 XIII,
690 423 727 462 p.
758 408 834 448 570
865 407 891 447 f.
921 407 959 446 in
989 407 1188 460 archetypo
1215 407 1407 447 Marciano
1435 411 1509 447 est:

503 513 608 552 θεὸν
637 512 679 551 ’τὸ
709 510 862 558 μεταξὺ
891 510 996 558 μετα
1025 510 1196 560 κορίσκης
1228 511 1247 557 ἢ
1277 511 1382 559 μετὰ

503 585 764 635 χαμαιτύπης
793 584 861 629 τὴν
892 584 1013 623 νύκτα
1043 584 1261 631 κοιμᾶσθαι.

313 694 625 746 Wyttenbachius
664 693 724 744 (ad
762 692 861 731 Plut.
891 691 1023 731 Moral.
1053 706 1089 744 p.
1122 694 1143 730 5
1172 692 1234 743 Β.)
1270 691 1401 731 suadet
1438 692 1571 731 θεῖον

313 765 479 812 μεταξύ.
538 765 572 804 O
601 765 794 818 profanum
838 768 1086 803 commentum
1126 764 1192 803 tali
1231 764 1312 804 viro
1353 764 1569 818 indignum!

314 839 453 878 Verum
477 839 573 878 vidit
601 837 809 877 Iacobsius:
840 834 950 876 ὅσον
978 837 1020 876 τὸ
1050 836 1217 884 μεταξύ.
1249 837 1379 876 Iocose
1402 837 1460 876 vir
1488 838 1572 877 doc-

315 916 395 960 tus,
427 911 492 963 qui
524 915 715 962 utramque
744 911 995 950 coniecturam
1025 916 1306 957 commemorat,
1351 910 1573 950 sententiam

316 998 420 1023 suam
448 983 598 1022 ascribit
625 983 756 1022 iisdem
786 983 908 1022 verbis
938 997 1044 1022 usus:
1074 982 1156 1022 ὅσον
1185 984 1228 1022 τὸ
1258 982 1437 1030 μεταξύ]

370 1057 444 1095 Vix
472 1056 546 1095 dici
574 1059 698 1108 potest
726 1059 818 1107 quot
844 1055 935 1095 locis
968 1055 1165 1095 Oratorum
1204 1056 1388 1109 imprimis
1422 1060 1459 1095 et
1489 1056 1572 1096 Pla·

316 1130 415 1169 tonis
457 1129 578 1168 fraudi
623 1129 733 1168 fuerit
774 1128 980 1167 similitudo
1019 1143 1150 1168 vocum
1187 1134 1338 1169 OCIOC
1369 1127 1496 1181 (ὅσιος)
1535 1133 1574 1168 et

318 1206 472 1250 ΘΕΙΟΟ
519 1202 642 1253 (θεῖος)
687 1215 770 1240 cum
813 1201 1001 1252 derivatis,
1068 1201 1236 1250 Quorum
1283 1215 1447 1241 errorum
1489 1215 1573 1254 pars

318 1275 462 1313 sublata
483 1278 553 1322 est,
580 1288 664 1325 pars
685 1273 816 1311 invitis
844 1273 984 1311 criticis
1009 1273 1194 1312 editorum
1222 1274 1301 1312 sive
1328 1273 1576 1326 incogitantia

319 1336 403 1386 sive
427 1347 689 1399 superstitione
716 1345 885 1397 religiose
920 1352 1155 1398 propagatur.
1212 1347 1448 1398 Quamquam
1484 1346 1576 1398 quid

319 1420 465 1458 facilius
494 1424 549 1457 est
579 1432 692 1470 quam
734 1418 829 1457 clare
872 1418 1076 1457 discernere
1113 1418 1210 1458 inter
1249 1416 1345 1463 ὅσιος
1384 1423 1421 1457 et
1460 1418 1577 1467 θεῖος,

322 1506 417 1542 quae
454 1492 551 1541 quod
581 1492 770 1529 literarum
799 1491 933 1529 ductus
964 1491 1097 1529 attinet
1131 1505 1218 1529 sane
1246 1496 1336 1529 sunt
1365 1491 1577 1539 simillima,

321 1576 392 1602 usu
434 1566 470 1602 et
514 1562 784 1615 significatione
827 1576 912 1601 vero
956 1561 1061 1602 valde
1100 1563 1285 1615 disparia?
1337 1563 1471 1606 ‘'Oa-105
1512 1563 1577 1602 καὶ

321 1635 481 1684 δίκαιος,
510 1650 541 1675 e.
558 1650 589 1675 c.
620 1633 716 1679 ὅσιος
749 1635 813 1674 καὶ
846 1635 1000 1683 νόμιμος
1033 1639 1077 1674 ut
1109 1636 1395 1689 coniungantur,
1429 1636 1579 1676 Graeci-

321 1709 410 1748 tatis
438 1714 590 1749 naturae
620 1723 824 1762 congruum
854 1710 918 1749 sed
947 1711 1038 1753 θεῖος
1075 1710 1139 1749 καὶ
1182 1709 1345 1754 δίκαιοςζ
1382 1711 1474 1754 θεῖος
1512 1711 1576 1750 καὶ

322 1783 476 1831 νόμιμος
521 1797 595 1822 non
633 1783 735 1821 item.
803 1783 918 1821 Recte
956 1783 1072 1834 igitur
1108 1783 1180 1821 iam
1216 1783 1497 1823 Valckenaerius
1537 1784 1579 1822 in

322 1855 476 1895 Schedis
505 1855 645 1894 criticis
674 1855 712 1894 in
741 1854 919 1894 Dinarchi
949 1855 1113 1894 oratione
1136 1859 1263 1895 contra
1285 1856 1580 1909 Aristogitonem

324 1930 374 1980 (p.
413 1928 539 1967 1071.
582 1929 647 1977 32)
691 1941 758 1978 pro
797 1928 860 1966 καὶ
898 1929 952 1974 μὴ
994 1928 1188 1975 προδοῦναι
1232 1928 1299 1972 τὴν
1342 1929 1469 1969 θείαν
1513 1929 1577 1968 καὶ

324 2000 421 2051 (τὴν)
452 1999 596 2047 εὔορκον
628 2002 760 2047 ψῆφον
789 2000 957 2052 reposuit
984 2002 1052 2046 τὴν
1082 2001 1224 2040 ὁσίαν.

377 2070 424 2110 In
467 2071 564 2110 idem
605 2070 741 2109 incidit
782 2071 973 2111 Dobraeus
1017 2072 1187 2124 (Advers.
1222 2073 1244 2111 I
1252 2105 1263 2123 ‚
1301 2088 1338 2127 p.
1377 2075 1470 2127 315)
1515 2076 1580 2128 qui

323 2145 430 2197 plura
459 2144 624 2196 exempla
651 2144 765 2183 huius
794 2145 1024 2184 confusionis
1052 2146 1291 2197 conquisivit.

378 2217 495 2257 Thuc.
525 2216 610 2266 III,
642 2217 731 2269 Cap.
763 2218 812 2256 82
843 2231 926 2258 cum
955 2218 1027 2258 alia
1054 2222 1136 2258 tum
1162 2219 1253 2259 haec
1272 2220 1384 2259 verba
1412 2224 1583 2274 corrupta

325 2282 436 2330 sunt:
466 2313 520 2320 —
548 2290 613 2329 καὶ
651 2290 723 2334 τὰς
754 2292 790 2334 ἐς
824 2293 931 2338 σφᾶς
965 2292 1102 2335 αὐτοὺς
1136 2292 1284 2336 πίστεις
1314 2294 1359 2332 οὐ
1389 2295 1447 2343 τῷ
1477 2294 1583 2344 θείῳ

326 2362 449 2413 νόμῳ
480 2364 632 2411 μᾶλλον
669 2363 911 2414 ἐκρατύνοντο
945 2364 965 2411 ἢ
1002 2366 1054 2414 τῷ
1086 2372 1186 2416 κοινῇ
1221 2382 1257 2406 τι
1295 2372 1582 2416 παρανομῆσαι.

326 2437 453 2486 Quae,
498 2437 675 2488 quoniam
717 2436 762 2476 de
804 2437 987 2477 sententia
1021 2442 1188 2488 constat,
1224 2439 1460 2493 probabiliter
1497 2454 1585 2481 con-

328 2509 501 2549 iectando
539 2510 702 2549 multum
741 2510 930 2550 sublevare
957 2516 1082 2563 posset
1120 2512 1273 2563 aliquis,
1312 2519 1408 2552 certa
1445 2515 1587 2554 medela

1405 2589 1421 2613 4
