1937 3075
994 227 1043 265 70

386 343 512 398 Ι-ΙῙΙῙ,
544 343 670 400 ffi,
701 358 851 407 πατὴρ,
879 360 1026 409 μήτηρ,
1055 350 1151 398 ὃἨ-Ι)
1171 378 1221 393 =
1239 359 1382 407 σωτὴρ,
1412 364 1576 399 CTPOC
1594 380 1645 395 =

389 425 563 475 Μαῦρός.
613 428 751 470 Porro:
776 422 849 470 Y?
868 451 917 466 =
935 433 1012 472 υἱοῦ
1042 433 1082 472 in
1105 432 1285 484 ‘wuith-0,
1313 421 1461 471 ᾖε
1477 433 1645 482 χριστῷ,

391 506 578 540 OTNON
597 520 647 535 =
664 504 827 551 οὐρανόν.
875 505 957 544 Neo
985 519 1059 544 non
1085 506 1126 543 in
1146 505 1360 557 compositis
1384 509 1421 544 et
1450 505 1643 544 derivatisz

387 564 553 619 Φιλαῖος
571 593 621 608 =
637 574 920 624 φιλάνθρωπος,
949 579 1129 625 φιλοπρις
1147 596 1196 610 --
1213 574 1466 626 Φιλόποοτρις,
1490 592 1576 626 crpus
1593 597 1643 612 =

388 648 577 697 σωτηρίαι,
625 664 767 697 πρικιος
793 669 842 683 --
869 650 1086 699 πατρίκιος,
1121 642 1293 699 ὀἶοκλῆς
1323 670 1370 684 --
1398 656 1641 700 ποιτροκλῆς,

385 712 554 771 σ-ηοῖασοιι
575 740 624 756 =
642 723 858 771 σταυρῶσαι
889 725 961 762 etc.
1017 722 1099 762 Iam
1129 723 1320 763 videamus
1358 724 1509 775 quantis
1549 737 1644 763 erro-

383 795 488 834 ribus
529 795 623 847 lapsi
666 795 743 833 sint
770 794 842 834 viri
885 795 1022 834 eruditi
1064 796 1200 835 lineam
1237 796 1337 834 illam
1378 796 1642 835 horizontalem

385 872 450 907 aut
478 867 628 907 incaute
654 868 879 919 negligendo
908 872 975 906 aut
1002 869 1124 907 alieno
1154 869 1236 907 loco
1265 869 1497 920 apponendo.

435 939 552 991 Saepe
580 931 646 981 ὃὸ
682 940 795 979 vertit
832 940 872 979 in
910 954 1115 992 pronomen
1164 940 1382 988 relativum,
1418 954 1524 993 saepe
1553 940 1644 979 deus

381 1011 420 1050 in
457 1026 675 1064 pronomen.
733 1014 837 1051 Nota
880 1017 936 1051 est
977 1012 1271 1051 membranarum
1314 1013 1561 1064 discrepantia
1603 1013 1642 1051 in

381 1083 489 1124 Pauli
535 1085 656 1138 Epist.
692 1085 711 1124 I
755 1085 801 1125 ad
842 1084 1081 1124 Timotheum
1132 1083 1222 1137 Cap.
1268 1084 1331 1124 III
1373 1084 1419 1124 ad
1468 1085 1532 1124 fin.
1575 1085 1641 1124 καὶ

381 1157 691 1205 ὁμολογουμένως
731 1159 840 1204 μέγα
881 1157 962 1196 ἐστὶ
1003 1158 1044 1195 τὸ
1075 1162 1142 1201 τῆς
1186 1157 1387 1204 εὐσεβείαις
1422 1158 1638 1205 μυστήριον.

381 1230 486 1272 θεὸς
519 1229 598 1281 (alii
623 1228 677 1281 ὃς)
700 1230 911 1279 ἐφανερώθη
945 1231 982 1268 ἐν
1008 1230 1140 1279 σαρκὶ,
1171 1230 1361 1276 ἐδικαιώθη
1382 1231 1418 1269 ἐν
1448 1230 1640 1278 πνεύματι

382 1317 475 1341 κ.τ.
498 1311 536 1341 λ.
568 1302 633 1342 ubi
663 1303 762 1351 θεὸς,
806 1317 902 1354 quae
944 1307 1000 1342 est
1043 1303 1194 1355 vulgata
1235 1303 1364 1351 lectio,
1408 1303 1644 1342 vehementer

382 1374 507 1414 turbat
540 1374 737 1415 verborum
780 1374 948 1415 ordinem
982 1379 1019 1415 et
1063 1389 1209 1415 nexum.
1268 1376 1319 1415 At
1359 1388 1480 1426 neque
1521 1375 1640 1415 solum

380 1461 583 1499 pronomen
614 1448 815 1486 admodum
839 1448 973 1499 placet.
1031 1448 1120 1486 Ideo
1144 1448 1307 1499 cogitavi
1331 1462 1378 1486 an
1400 1448 1495 1486 forte
1517 1448 1641 1499 legeu-

383 1518 473 1558 dum
504 1522 622 1558 esset:
653 1519 757 1563 θεὸς
789 1518 849 1563 ὃς.
910 1519 979 1558 Nil
1016 1523 1139 1559 tamen
1176 1522 1320 1567 statu03
1360 1519 1509 1559 videant
1541 1519 1642 1559 docti

382 1592 550 1644 theologi
578 1592 647 1631 hoe
676 1592 858 1631 admoniti
886 1607 994 1644 saepe
1021 1606 1042 1631 a
1071 1592 1165 1631 male
1189 1592 1318 1630 sedulo
1347 1596 1549 1631 correctore
1576 1606 1642 1644 pro

383 1663 636 1717 dittographia
664 1664 822 1703 deletam
850 1678 928 1703 esse
958 1678 1051 1715 quae
1080 1678 1155 1703 non
1183 1668 1273 1703 erat.
1329 1663 1445 1703 Cuius
1474 1664 1527 1702 rei
1554 1664 1643 1702 niti·

383 1736 472 1775 dum
492 1737 702 1788 exemplum
731 1736 907 1788 praebent
936 1737 1075 1788 priores
1102 1737 1284 1775 editiones
1308 1736 1411 1775 Stob.
1434 1736 1512 1774 Ecl.
1529 1736 1643 1787 Phys.

440 1807 621 1857 Quaestio
649 1809 803 1861 ponitur
834 1809 874 1847 T.
906 1809 967 1857 ΙΙ,
998 1808 1088 1861 Cap.
1109 1809 1148 1856 I,
1184 1810 1228 1848 17
1261 1808 1438 1847 an-homo
1460 1813 1570 1848 natus
1595 1809 1645 1847 sit

386 1881 476 1931 πρὸς
518 1881 707 1938 κοιρωνίοιν
746 1896 871 1922 necne.
928 1882 1183 1934 Respondetur
1210 1881 1299 1928 πρὸς
1337 1881 1538 1920 κοινωνίαν.
1573 1883 1642 1922 ὑπὸ

385 1954 507 2001 τίνοςς
551 1955 621 1995 ὑπὸ
664 1960 732 2000 τῆς
765 1955 931 2004 φύσεως.
990 1954 1100 1999 Τίνος
1143 1954 1253 2000 οὔσης
1290 1955 1355 1994 καὶ
1386 1955 1523 2001 ποίοιςς
1559 1956 1643 1996 διοι-

387 2029 523 2075 uodo-nc
550 2044 602 2067 τοι
632 2026 718 2068 ὅλοι.
779 2028 957 2080 Sequitur
984 2028 1138 2068 deinde:
1168 2028 1231 2067 καὶ
1274 2030 1445 2077 πότερον
1481 2029 1592 2074 οὔσης
1622 2030 1642 2075 ἢ

387 2102 466 2149 μής
506 2102 643 2141 Parum
680 2106 746 2141 aut
779 2101 875 2140 nihil
903 2101 942 2139 in
969 2101 1202 2153 philosophis
1230 2101 1456 2150 mirandum,
1491 2102 1554 2141 sed
1584 2103 1645 2142 vix

390 2175 547 2226 cogitari
584 2178 706 2227 potest
744 2175 810 2225 qui
846 2178 922 2212 tam
956 2173 1086 2212 stolide
1115 2174 1332 2225 disputaret.
1389 2174 1533 2213 Revoca
1562 2189 1644 2214 cum

389 2247 532 2286 Cobeto
564 2247 689 2285 literas
724 2261 816 2298 quae
845 2247 1063 2285 exciderunt
1084 2247 1125 2284 θῦ
1155 2250 1241 2297 post
1268 2246 1420 2294 πότερον
1455 2251 1492 2286 et
1520 2247 1645 2286 statim

389 2319 513 2358 omnia
541 2333 628 2358 sana
656 2323 763 2358 erunt
792 2324 829 2358 et
856 2319 1061 2371 perspicua.

443 2392 568 2432 Lubet
601 2406 699 2431 nunc
728 2406 771 2431 ex
799 2392 951 2431 Schedis
979 2391 1304 2430 Valckenaerianis
1338 2392 1375 2430 in
1413 2392 1534 2431 lucem
1563 2406 1646 2445 pro-

388 2467 533 2506 trahere
562 2465 855 2506 emendationem
886 2465 916 2503 si
940 2479 1013 2504 non
1045 2469 1170 2513 ffcerto
1199 2463 1429 2513 certiorem’',
1454 2469 1495 2503 ut
1519 2465 1645 2513 aiunt,
