1937 3075
920 245 969 283 91

321 373 464 414 toribus
496 374 683 427 imponere
710 372 874 427 potuisse
912 372 1082 413 codicum
1115 372 1332 414 lectionem:
1359 370 1474 421 Ὅτι,
1504 369 1576 410 κᾶν

320 447 509 494 βασιλεύς
548 461 585 485 τι
619 445 815 495 προστάξῃ
847 450 967 493 κρῖναι
999 449 1072 483 τῶν
1105 447 1159 492 μὴ
1198 445 1370 488 δικαίων,
1410 446 1459 483 οὐ
1500 458 1576 492 κρι-

321 522 456 560 νοῦσιν.
514 518 591 559 Ubi
634 533 784 572 prorsus
825 518 1073 558 necessarium
1114 532 1193 558 esse
1234 515 1289 557 ὅτι
1332 515 1380 558 εὖ
1417 521 1575 568 κρινοῦσι

320 593 381 632 vel
409 605 540 631 coecus
572 591 709 630 videat.

431 679 544 704 εινΞ
576 671 605 709 ll
645 677 677 703 e.
694 677 727 704 c.
754 662 852 713 φαείν
868 651 894 688 ll
922 661 1158 713 Ξφαίνειν,
1192 653 1300 703 sin-ff
1331 663 1530 703 Ξεῖπεῖν.

437 751 478 783 ην
495 756 545 771 Ξ
566 752 602 770 Α
646 749 726 777 e.c.
754 734 995 781 τΛΞτ-ήν.

444 824 543 849 ινΞ
570 817 607 849 Ἀ
643 824 675 850 e.
691 824 724 850 c.
753 803 964 849 πτοία-ΚΞ
981 807 1133 848 στάσιν.

375 883 465 923 Non
493 888 570 923 tam
598 883 897 935 compendiorum
940 882 1184 921 similitudine
1217 896 1328 934 quam
1357 881 1492 921 vitiosa
1526 896 1580 922 se-

322 955 495 1007 quiorum
522 956 827 1010 pronuntiatione
856 971 928 1000 ειν,
961 970 1025 1001 ην,
1056 970 1088 994 ιν
1117 955 1226 994 facile
1257 959 1543 995 commutantur.

1002 1020 1044 1051 ’ἤ
1060 1048 1110 1063 Ξ
1129 1029 1302 1073 τύπτεις.

570 1045 621 1073 εις
634 1049 685 1065 Ξ
705 1047 761 1074 55-
780 1045 812 1070 e.
828 1044 861 1070 0.
890 1029 995 1068 τύπτ-

576 1118 618 1148 ης
635 1122 685 1137 =
714 1117 735 1145 5
780 1117 812 1143 e.
828 1117 861 1142 c.
890 1117 1021 1151 μεγαιρ
1038 1104 1061 1129 5
1082 1122 1132 1137 =
1148 1106 1338 1151 μεγαρῆς.

586 1190 617 1218 ις
636 1194 686 1209 =
707 1184 733 1219 3
776 1189 807 1214 e.
824 1188 856 1214 c.
886 1174 1025 1221 διήγησ·
1046 1167 1066 1204 ³5
1096 1194 1147 1208 =
1163 1174 1350 1221 διήγησις.

376 1250 479 1289 Haec
508 1262 655 1300 quoque
683 1248 765 1288 soni
795 1247 972 1287 affinitate
999 1248 1278 1299 permiscentur.
1334 1247 1381 1286 In
1409 1247 1578 1286 substan-

321 1321 411 1361 tivis
449 1322 488 1360 in
525 1322 586 1365 εὺς
631 1320 854 1361 exeuntibus
886 1320 1006 1359 forma
1040 1319 1265 1359 nominativi
1298 1319 1451 1372 pluralis
1480 1320 1578 1373 apud
1635 1369 1637 1371 Ι

322 1399 462 1435 veteres
501 1395 649 1434 Atticos
687 1398 742 1434 est
785 1399 861 1438 ἤςς
906 1393 993 1432 libri
1025 1393 1102 1432 fere
1140 1407 1267 1433 omnes
1295 1393 1506 1445 conspirant
1536 1393 1577 1431 in

323 1473 375 1513 εῖς
405 1482 507 1507 more
535 1468 760 1519 sequiorum.

377 1557 413 1581 εν
431 1561 481 1575 Ξ
514 1550 542 1583 1.
570 1541 629 1579 vel
653 1548 689 1587 <
712 1554 744 1579 e.
761 1554 792 1579 c.
823 1540 886 1584 δῆθ
906 1528 931 1566 <
961 1559 1009 1573 =
1026 1541 1144 1584 δῆθεν.
1201 1539 1314 1578 Haud
1344 1552 1425 1578 raro
1454 1552 1580 1577 occur-

322 1615 371 1653 rit
399 1614 567 1653 oonfusio
602 1628 685 1653 cum
714 1629 827 1657 αςΞ
848 1635 890 1650 ψ
938 1614 1009 1666 (Cf.
1038 1613 1149 1652 Obss.
1184 1612 1304 1650 Bastii
1338 1611 1385 1650 ad
1421 1612 1577 1663 Gregor.

320 1696 406 1734 pag.
438 1683 545 1732 143).

350 1748 412 1797 Αος
437 1772 487 1788 Ξ
512 1768 531 1792 o
559 1753 843 1804 suprascriptum
889 1755 980 1805 (quo
1018 1754 1148 1793 eodem
1183 1751 1399 1804 compendio
1439 1751 1580 1790 librarii

321 1826 487 1866 nonnulli
536 1829 693 1866 utuntur
736 1840 801 1879 pro
844 1828 905 1878 ov)
956 1827 1017 1866 vel
1052 1831 1076 1875 ἑ
1129 1839 1161 1865 e.
1186 1839 1218 1865 c.
1256 1808 1417 1864 αὐτὸΞ
1440 1824 1577 1873 αὐτὸς,

320 1898 382 1949 ὅρκ
397 1903 423 1950 ῤ
449 1919 499 1934 Ξ
517 1897 632 1948 ὅρκος.

375 1988 413 2013 ον
430 1993 479 2008 Ξ
514 1984 538 2014 Χ
564 1987 595 2013 e.
612 1987 644 2012 c.
674 1967 751 2011 δέΧ
771 1992 822 2006 Ξ
839 1972 930 2011 δέον.
988 1972 1103 2024 Saepe
1133 1975 1307 2010 accentus
1332 1971 1458 2021 qravis
1482 1984 1579 2009 com-

318 2047 454 2099 pendio
488 2046 698 2085 simillimus
727 2046 897 2083 ultimam
928 2045 1104 2096 syllabam
1134 2058 1180 2082 ον
1210 2043 1392 2095 absorpsit
1423 2047 1464 2081 ut
1493 2057 1528 2081 v.
1545 2057 1577 2082 c.

318 2121 355 2160 δὲ
384 2120 542 2173 legerint
570 2133 635 2171 pro
664 2117 755 2158 δέον.
811 2119 1007 2158 Contrario
1044 2132 1165 2157 errore
1200 2110 1269 2165 μὲν
1298 2116 1485 2155 interdum
1513 2116 1577 2155 ha-

317 2193 477 2232 buerunt
513 2206 579 2244 pro
619 2191 741 2238 μόνον.
800 2191 912 2243 Apud
951 2191 1087 2230 Athen.
1123 2190 1206 2229 Lib.
1245 2190 1307 2238 II,
1346 2203 1429 2241 pag.
1469 2191 1518 2229 67
1549 2189 1576 2228 f.

317 2265 553 2304 casaubonus
577 2279 643 2317 pro
668 2264 733 2311 ὀξὺ
761 2264 837 2312 γὰρ
863 2264 1052 2303 evidenter
1073 2263 1238 2302 restituit
1261 2264 1278 2301 o’
1287 2262 1311 2309 ξ
1320 2261 1411 2308 ύγοι
1420 2276 1504 2310 ρον.
1524 2285 1577 2291 -

316 2339 372 2378 De
400 2338 510 2386 μόνον
540 2342 577 2377 et
604 2339 673 2386 μὲν
704 2352 833 2390 operae
860 2337 1020 2389 pretium
1049 2340 1106 2376 est
1134 2336 1299 2381 conferre
1328 2335 1505 2375 Aeschin.
1535 2334 1575 2374 in

313 2412 498 2452 Timarch.
528 2413 548 2464 ᾧ
579 2413 628 2450 36
659 2415 695 2450 et
730 2412 792 2451 77.

368 2499 419 2529 οις
437 2505 487 2519 Ξ
508 2492 545 2531 6
571 2498 602 2525 e.
618 2498 649 2524 c.
679 2500 702 2523 τ
724 2474 759 2508 ‘s'
791 2472 996 2532 ἐχθρίΓΞ
1013 2478 1093 2534 τοῖς
1123 2482 1282 2532 ἐχθροῖς.
