1937 3075
898 259 947 295 89

299 390 470 430 berrimis
512 388 675 428 consiliis
719 390 924 427 sustentare
965 391 1003 426 et
1042 391 1198 440 possunt
1239 391 1277 426 et
1318 387 1475 426 volunt?
1505 410 1559 416 —

300 463 392 512 Sed,
420 477 467 502 ne
488 462 621 514 longus
642 461 786 509 abeam,
816 460 1007 499 videamus
1036 460 1215 510 quaedam
1243 460 1288 499 de
1316 459 1558 512 compendiis.

299 537 350 576 Et
396 536 545 588 quidem
587 534 706 587 primo
753 533 836 572 loco
880 532 925 571 de
968 531 1197 584 compendiis
1245 533 1557 580 tmminationum,

300 609 433 648 deiude
472 608 517 647 de
554 607 655 645 notis
684 605 909 657 quibusdam
938 617 1031 656 quae
1059 603 1185 643 valent
1212 604 1373 654 inteqras
1393 605 1558 654 particu-

302 682 380 730 las,
419 684 500 719 tum
538 679 586 719 de
623 679 737 729 siquis
770 677 1106 729 qrammaticorum,
1151 676 1311 728 denique
1349 677 1394 716 de
1432 677 1560 717 abbre-

301 753 431 792 viandi
458 753 609 792 licentia
636 753 676 791 in
704 744 905 791 nominibus
923 743 1099 801 propriis.

358 826 678 877 Antiquissimum
715 829 771 865 est
808 824 1070 877 compendium
1104 824 1144 863 N
1174 824 1312 875 finalis
1350 836 1560 875 expressum

302 912 367 952 per
402 897 574 938 lineolam
616 897 744 938 literae
782 897 1029 952 paenultimae
1067 896 1362 950 suprascriptam.
1418 896 1562 936 Eodem

303 972 412 1011 modo
454 971 641 1011 interdum
677 972 907 1024 significatur
944 985 970 1010 α
1003 974 1080 1010 tam
1115 971 1154 1010 in
1197 970 1329 1009 mediis
1371 983 1484 1021 quam
1522 970 1561 1008 in

303 1045 476 1085 extremis
503 1045 705 1085 vocabulis.
764 1045 884 1097 (Quae
924 1045 1031 1084 litera
1066 1044 1106 1083 in
1147 1043 1414 1083 recentioribus
1455 1043 1561 1082 libris

304 1118 565 1171 compendium
612 1118 724 1157 habet
750 1120 812 1169 L)
885 1118 1018 1157 Variae
1067 1118 1155 1156 inde
1199 1118 1331 1156 harum
1372 1117 1560 1156 literarum

304 1191 521 1230 omissiones
548 1195 586 1230 et
614 1191 862 1231 confusiones.
919 1189 1089 1242 Cumque
1116 1191 1267 1229 nomina
1295 1190 1444 1242 propria
1469 1203 1560 1241 quo-

304 1278 377 1315 que
407 1278 427 1302 a
463 1263 622 1303 librariis
664 1264 820 1302 indicari
863 1263 1005 1302 soleant
1041 1264 1139 1302 linea
1178 1263 1480 1314 superimposita,
1521 1263 1560 1301 in

303 1337 392 1375 haec
421 1336 656 1388 potissimum
686 1351 711 1374 α
739 1340 777 1374 et
805 1351 821 1374 ν
851 1349 1040 1387 perperam
1068 1335 1304 1387 irrepserunt.
1345 1378 1348 1381 Α

362 1407 471 1457 Quod
504 1412 612 1447 antea
649 1408 690 1447 in
725 1408 915 1461 Euripidis
952 1408 1216 1448 Alcestidiav.
1252 1410 1325 1449 117
1365 1408 1559 1448 edebatur:

416 1524 492 1558 HP.
524 1518 654 1567 τόλμα
684 1524 873 1569 προτεῖναι
902 1524 1016 1569 χεῖρα
1046 1519 1109 1558 καὶ
1141 1520 1258 1567 θιγεῖν
1291 1519 1412 1566 ξένης.

416 1599 500 1632 ΑΛ.
533 1593 596 1631 καὶ
630 1594 670 1637 δὴ
702 1594 876 1643 προτείνω
907 1592 1099 1643 Γοργόν’
1128 1595 1182 1637 ὡς
1213 1594 1489 1643 καρατόμῳ.

306 1701 405 1739 omni
434 1714 541 1739 sensu
572 1704 689 1738 vacat.
747 1700 912 1738 Salutem
940 1700 1021 1738 loco
1050 1700 1250 1751 depravato
1280 1700 1407 1739 dextre
1436 1701 1562 1739 attulit

304 1773 371 1814 vir>
405 1773 555 1823 quidam
598 1773 751 1821 doctus,
795 1772 988 1812 familiaris
1025 1772 1227 1821 Badhami,
1270 1787 1314 1812 ex
1357 1778 1559 1822 καρατομῶ

304 1859 435 1885 eruens
463 1847 699 1894 καρατομεῖν.
754 1830 948 1885 Probabile
985 1850 1041 1885 est
1068 1846 1323 1886 tenuissimam
1353 1847 1559 1899 compendii

302 1919 476 1958 lineolam
508 1933 591 1958 cum
620 1924 773 1958 accentu
802 1919 1037 1958 circumflexo
1066 1920 1260 1959 coaluisse.

357 1992 496 2032 Narrat
529 1991 816 2032 Valckenaerius
858 1993 897 2031 in
932 1991 1084 2032 Schedis
1127 1993 1216 2032 viris
1259 1992 1376 2032 doctis
1422 1993 1558 2034 alicubi

302 2066 465 2105 suaviter
501 2066 720 2119 imposuisse
761 2058 948 2115 {anst
1011 2066 1281 2118 Exsculpebant
1318 2066 1375 2104 illi
1413 2067 1475 2105 ἐπὶ
1505 2069 1557 2116 τῷ

302 2141 365 2179 sed
392 2154 519 2179 verum
548 2144 625 2179 erat
654 2142 697 2178 ἐν
728 2140 857 2188 πίθῳ.

357 2212 461 2252 ldem
502 2212 681 2253 observat.
719 2213 848 2265 Eurip.
878 2213 1015 2252 Phoen.
1044 2226 1081 2251 v.
1113 2213 1190 2251 584
1218 2226 1284 2265 pro
1308 2213 1555 2262 ’Ἄδραστε

300 2285 414 2324 libros
450 2285 655 2337 complures
694 2285 863 2325 exhibere
886 2285 1182 2333 ’‘Avapoeerrs.
1243 2285 1305 2324 Sic
1339 2285 1553 2334 Κρανθις

300 2357 507 2409 appellatur
536 2358 595 2396 cui
629 2372 761 2398 nomen
793 2363 868 2397 erat
898 2358 1078 2407 Κρᾶθις
1109 2364 1145 2397 et
1174 2358 1553 2408 Ἀγαθαρχίδας

299 2430 375 2469 dux
412 2430 626 2469 Corinthius
656 2432 749 2470 male
776 2431 870 2469 abiit
902 2432 942 2470 in
971 2431 1398 2480 Ἀγανθαρχίδας.
1459 2434 1555 2474 Vide

299 2506 484 2555 praeterea
512 2503 631 2541 varias
659 2503 855 2551 lectiones,
895 2516 985 2554 quas
1019 2505 1264 2556 comportavit
1291 2505 1481 2546 Bekkerus
1508 2508 1555 2547 ad
