1937 3075
936 276 985 312 33

333 402 493 454 pretium
512 406 568 441 est
583 402 683 440 adire
699 401 903 452 Heringam
925 402 990 452 qui
1008 402 1047 440 in
1063 402 1172 442 Obss.
1186 403 1278 443 Crit.
1295 403 1384 456 Cap.
1403 407 1451 443 31
1469 405 1588 444 multa

334 474 512 514 vocabula
541 474 666 513 eodem
698 473 807 512 modo
839 473 1036 526 depravata
1065 473 1110 514 de
1137 474 1319 515 industria
1347 477 1542 528 congessit.

388 546 435 584 In
463 545 583 584 Iliade
606 549 643 584 et
664 545 829 597 Odyssea
856 558 1004 597 quoque
1033 545 1176 597 aliquot
1204 546 1358 587 vitiosae
1386 548 1590 601 scripturae

334 632 376 657 ex
413 618 486 656 hoc
523 618 627 669 fonte
668 621 885 665 manarunt,
923 618 1051 668 quales
1088 622 1175 657 sunt
1209 619 1376 665 γείνεαι,
1417 622 1589 667 γεινομέ-

334 702 444 728 νοισιν
474 703 495 728 a
519 692 608 728 nota
635 689 753 728 forma
781 688 972 736 γείνεσθαι
995 689 1073 729 sive
1090 689 1262 737 γίνεσθαι
1292 692 1501 744 sequiorum
1525 707 1591 745 pro

334 762 557 810 γίγνεσθαι,
587 775 677 813 quas
705 762 838 800 merito
867 762 940 800 iam
977 766 1062 801 ante
1097 763 1262 814 quinque
1297 764 1412 803 lustra
1448 766 1593 817 expulit

333 834 523 874 Bekkerus
552 848 620 873 nec
648 839 772 874 tamen
800 833 912 873 huius
946 834 999 874 rei
1035 834 1261 875 evidentiam
1291 837 1447 889 posteris
1475 837 1591 877 edito-

331 908 435 947 ribus
463 908 616 960 probare
643 907 782 959 potuit.

386 980 500 1020 Plane
538 980 701 1021 eiusdem
740 983 894 1029 πονηροῦ
924 980 1123 1028 κόμματος
1165 982 1256 1021 mihi
1285 982 1435 1022 videtur
1462 983 1590 1022 aoristi

330 1055 449 1092 forma
476 1051 563 1092 εἶσα
593 1054 638 1092 de
667 1067 742 1104 qua
769 1067 877 1092 nemo
906 1054 1028 1092 adhuc
1057 1054 1157 1104 quod
1193 1054 1304 1093 sciam
1335 1055 1483 1094 disertis
1511 1069 1590 1094 ver-

331 1125 389 1164 bis
417 1125 575 1165 monuit.
622 1125 779 1178 Legitur
805 1140 837 1165 e.
859 1140 891 1165 c.

384 1197 455 1236 Od.
487 1197 544 1245 H,
576 1211 610 1237 v.
643 1199 717 1236 162

440 1277 540 1318 εἷσε
571 1279 609 1318 δέ
638 1281 681 1327 μ’
700 1280 973 1327 εἰσαγαγοῦσα
1003 1279 1064 1318 ἐπὶ
1096 1279 1214 1328 θρόνου
1243 1280 1489 1328 ἀργυροήλου.

386 1360 432 1400 Il.
461 1361 500 1411 δ,
531 1376 565 1401 v.
596 1363 673 1401 392

441 1446 501 1494 ἄψ
531 1448 560 1484 οἱ
592 1445 830 1494 ἀνερχομένῳ
849 1446 1009 1499 Ζτυκινὸν
1038 1444 1156 1492 λόχον
1185 1442 1325 1483 εἷσαν
1354 1443 1530 1491 ἄγοντες.

385 1528 429 1567 Il.
460 1532 515 1576 ψ,
547 1542 581 1567 v.
611 1529 688 1567 359

551 1630 820 1639 ..........
843 1600 947 1648 παρὰ
978 1600 1016 1638 δὲ
1046 1600 1184 1638 σκοπὸν
1215 1598 1355 1638 εἷσεν.

330 1720 333 1723 .
382 1682 650 1735 Reponendum
680 1696 757 1721 esse
786 1682 950 1734 suspicor
977 1679 1054 1721 ἷσε
1083 1685 1122 1721 et
1149 1679 1278 1721 ἷσαν.
1336 1682 1455 1721 Nullo
1484 1682 1584 1722 enim

329 1756 569 1794 fundamento
594 1755 729 1793 nititur
752 1754 935 1793 librorum
958 1755 1086 1803 lectio,
1116 1754 1217 1793 nulla
1245 1760 1301 1793 est
1325 1755 1443 1793 forma
1464 1768 1586 1805 neque

329 1827 529 1867 Homerica
569 1841 690 1879 neque
735 1826 919 1866 recentior
961 1827 1058 1867 unde
1106 1824 1192 1867 εἷσα
1235 1827 1399 1867 derivare
1446 1828 1585 1880 possis3

328 1900 430 1938 null&⁴
457 1900 608 1937 omnino
636 1899 807 1951 analogia
836 1899 1126 1938 commendatur.
1183 1899 1320 1938 Contra
1348 1913 1390 1938 ea
1422 1900 1514 1951 quid
1547 1899 1584 1938 in

327 1976 407 2011 tota
430 1972 640 2012 Graecitate
668 1972 843 2011 usitatius
877 1986 988 2023 quam
1016 1971 1105 2021 ἵζειν
1135 1986 1221 2011 cum
1249 1972 1451 2024 composito
1480 1972 1584 2011 καθί-

328 2045 403 2095 ζειν
425 2048 500 2084 tam
523 2044 717 2084 transitive
741 2058 852 2097 quam
876 2044 1111 2084 intransitive
1134 2044 1325 2097 positum?
1352 2044 1469 2083 Cuius
1483 2044 1586 2084 verbi

328 2118 457 2157 aoristi
477 2118 596 2157 forma
618 2118 762 2169 integra
786 2121 942 2166 aetatem
966 2117 1055 2156 tulit
1083 2119 1125 2156 in
1147 2117 1396 2169 pulcherrima
1419 2117 1585 2156 oratione

326 2189 525 2230 Phoenicis
553 2189 600 2229 ad
629 2189 833 2229 Achillem:
864 2188 927 2241 (Il.
957 2203 988 2238 1,
1016 2203 1051 2229 v.
1082 2190 1177 2241 488)

381 2272 465 2320 πρίν
495 2272 535 2319 γ’
555 2269 618 2311 ὅτε
647 2271 690 2316 δή
720 2273 756 2309 σ’
776 2272 838 2310 ἐπ’
858 2272 1002 2317 ἐμοῖσιν
1030 2272 1104 2318 ἐγὼ
1133 2270 1310 2318 γούνεσσι
1343 2270 1543 2313 καθίσσας.

337 2405 339 2407 q
380 2353 442 2393 Ad
469 2353 564 2392 hanc
591 2352 859 2405 lucem'‘igitur
884 2352 1042 2404 exempli
1064 2353 1184 2404 gratia
1208 2352 1391 2391 maculam
1415 2352 1583 2391 eluamus

326 2426 373 2467 11.
404 2441 440 2471 ς,
474 2427 573 2475 389,

405 2501 473 2545 τὴν
502 2499 573 2547 μὲν
602 2497 740 2538 ἔπειτα
768 2499 946 2556 καθεῖσ
960 2498 1006 2537 εν
1037 2498 1099 2537 ἐπὶ
1130 2497 1249 2547 θρόνου
1277 2497 1510 2546 ἀργυροήλου

1428 2573 1444 2598 a
