1937 3075
989 248 1039 285 60

382 377 615 416 inexercitati
655 376 820 416 hominis
849 390 937 416 vero
976 391 1050 416 non
1089 380 1145 417 est
1181 377 1300 430 legere
1337 377 1437 429 quod
1466 377 1647 430 scriptum

382 454 448 488 est.
516 449 658 501 Operae
701 451 863 501 pretium
910 455 967 488 est
1009 450 1212 502 insigniora
1260 436 1440 501 quaedam
1482 449 1647 488 indicare

383 535 478 574 quae
506 526 695 574 tamquam
727 522 872 575 scopuli
899 522 939 561 in
967 521 1125 574 legendo
1145 521 1298 561 vitanda
1326 526 1425 561 sunt.

438 595 585 634 Literae
608 610 652 643 α,
674 596 886 648 praesertim
917 595 955 633 in
977 595 1114 634 finibus
1143 594 1357 642 verborum,
1384 607 1491 646 saepe
1519 594 1645 633 hamu-

381 668 440 708 lus
470 668 643 708 adhaeret
677 669 742 721 qui
772 668 892 721 primo
930 668 1066 708 obtutu
1103 668 1150 708 ab
1187 681 1413 720 unoquoque
1450 667 1647 708 habebitur

381 756 449 794 pro
480 757 489 780 t
520 743 578 780 vel
607 757 641 781 υ.
698 742 792 780 Inde
835 755 942 793 saepe
979 741 1222 789 nominativi,
1267 741 1386 780 dativi
1428 741 1644 793 singularis,

382 814 604 854 nominativi
640 814 793 866 pluralis
831 815 978 853 numeri
1017 829 1101 854 cum
1136 828 1271 866 magno
1301 815 1506 853 sententiae
1534 815 1646 853 detri-

381 891 507 926 mento
535 891 796 939 permutantur
829 890 870 925 ut
901 890 1079 925 τοιαῦται
1110 891 1148 926 et
1175 890 1361 932 τοιαῦτα,
1394 884 1477 925 ἴσαι
1509 891 1545 926 et
1573 885 1645 926 ὅσα

382 964 451 999 etc.
496 959 634 998 Verum
671 959 783 998 etiam
821 960 860 998 in
900 960 1031 998 mediis
1060 959 1213 998 vocibus
1241 973 1330 998 eave
1368 960 1464 998 hanc
1492 960 1645 999 caudam

381 1032 583 1084 prolixam:
614 1036 703 1070 sunt
731 1032 876 1071 codices
906 1032 944 1070 in
974 1032 1109 1083 quibus
1138 1034 1217 1075 πᾶς
1248 1036 1285 1070 et
1317 1037 1410 1075 παῖς
1442 1032 1495 1070 vel
1526 1032 1645 1071 inten-

382 1104 528 1142 tissima
556 1104 634 1143 acie
664 1105 725 1143 vix
753 1104 974 1156 distinguas,

436 1177 700 1230 Compluribus
738 1166 944 1217 editoribus
979 1183 1101 1218 tamen
1146 1179 1235 1218 haec
1279 1179 1487 1219 observatio
1526 1179 1646 1219 fraudi

382 1252 454 1291 fuit
493 1265 578 1291 cum
615 1252 726 1290 semel
755 1251 937 1290 admoniti
973 1252 1108 1303 ubique
1137 1267 1162 1290 α
1201 1253 1495 1305 suspicarentur,
1535 1253 1646 1292 etiam

382 1325 445 1363 ubi
476 1339 602 1364 verum
631 1329 708 1363 erat
738 1339 790 1363 αι.
848 1324 1098 1364 Luculentum
1121 1325 1332 1377 exemplum
1359 1324 1471 1364 habet
1496 1325 1646 1365 Bastius

384 1400 436 1450 (p.
467 1399 561 1449 884)
591 1398 699 1437 cuius
727 1397 1000 1436 Commentatio
1032 1398 1342 1450 Palaeographica
1371 1397 1550 1450 Gregorio
1578 1398 1647 1438 Co·

383 1470 522 1509 rinthio
559 1470 705 1509 adiecta
736 1474 823 1509 ante
857 1470 925 1508 hos
967 1471 1158 1522 sexaginta
1197 1484 1312 1509 annos
1345 1470 1520 1509 ultimum
1549 1471 1648 1510 edita

384 1542 515 1594 paucis
543 1542 731 1581 iuniorum
760 1542 1036 1594 philologorum
1072 1543 1111 1581 in
1151 1543 1320 1581 manibus
1358 1547 1424 1582 est.
1482 1543 1647 1582 Verbum

385 1614 585 1664 Αἷγιοέζειν
626 1615 689 1665 (cf.
725 1614 830 1653 Suid.
860 1614 899 1652 in
928 1616 1035 1666 voce)
1072 1615 1112 1653 in
1149 1614 1274 1653 nescio
1316 1628 1389 1667 quo
1417 1615 1537 1654 lexico
1566 1616 1647 1654 rhe-

384 1687 501 1726 torico
531 1687 583 1725 ita
612 1687 838 1738 explicatur:
870 1687 915 1725 σὺ
945 1686 975 1724 δ’
996 1686 1256 1737 αἰγιαὲζεις
1287 1686 1408 1725 ἐνθαδὶ
1437 1688 1646 1735 καθήμενος

384 1760 469 1799 ἀντὶ
503 1763 569 1799 τοῦ
603 1759 796 1808 περιάγων
834 1765 986 1803 λαλεῖς.
1046 1761 1161 1800 Recte
1188 1760 1270 1800 ille:
1310 1760 1395 1799 ἀντὶ
1435 1763 1500 1799 τοῦ
1537 1761 1646 1809 περὶ

385 1835 538 1881 αἰγῶν
567 1838 718 1875 λαλεῖς.

439 1907 578 1946 Eadem
606 1907 652 1945 de
680 1920 794 1945 causa
822 1909 1100 1945 commutarunt
1136 1921 1161 1944 α
1200 1910 1237 1946 et
1267 1921 1329 1946 αυ.
1388 1907 1512 1946 Perite
1546 1906 1649 1946 Reis-

384 1981 470 2019 kius
498 1980 662 2018 restituit
694 1980 819 2017 locum
852 1979 1024 2017 Libanii:
1057 1979 1157 2029 (Vol.
1188 1979 1256 2026 IV,
1287 1993 1324 2030 p.
1356 1981 1454 2027 859,
1486 1980 1553 2029 26)
1583 1979 1646 2016 καὶ

387 2051 517 2091 πολλὰ
551 2050 597 2090 ἂν
632 2051 687 2096 εἴη
730 2051 858 2098 λέγειν
892 2050 917 2090 ἃ
947 2056 1053 2094 τοῖς
1093 2051 1198 2103 (Cod.
1233 2052 1425 2102 αὐτοῖς)
1469 2053 1648 2099 ἀποροῦσι

386 2125 510 2172 φίλων
554 2125 797 2173 συνέζευκται
837 2123 1017 2171 χαλεπά.
1078 2123 1307 2162 Confirmant
1348 2124 1444 2162 hanc
1482 2123 1651 2162 emenda-

387 2198 526 2236 tionem
555 2197 644 2235 licet
672 2196 965 2235 confirmationis
1002 2210 1078 2234 non
1107 2196 1274 2247 indigam
1307 2197 1476 2235 meliores
1505 2197 1651 2235 codices

388 2269 614 2309 Parisienses
644 2272 737 2307 teste
767 2268 908 2307 Bastio.

444 2343 558 2381 Plane
586 2342 748 2380 eiusdem
778 2341 1024 2393 praestantiae
1057 2345 1113 2379 est
1149 2341 1358 2379 coniectura
1397 2341 1446 2380 H.
1476 2342 1652 2393 Stephani

388 2416 426 2454 in
456 2415 554 2454 Plat.
585 2413 724 2453 Phaed.
754 2413 800 2452 ad
828 2414 914 2453 fin.:
954 2412 1084 2452 οὐδένα
1122 2410 1247 2452 ὅντινα
1279 2414 1319 2452 οὐ
1352 2413 1651 2455 κατέκλασεν.

388 2487 512 2526 Ceteri
541 2486 820 2524 κατέκλαυσεν.
