1937 3075
1034 239 1083 278 14

423 368 692 407 consuetudine
728 367 942 408 evanuisset
979 381 1181 420 omnesque
1207 370 1399 407 uterentur
1424 365 1685 406 transformata

424 440 643 480 mmmcula.
700 439 1015 480 Describebantur
1041 439 1161 492 igitur
1182 439 1322 479 vetusti
1350 438 1497 478 codices
1524 438 1685 491 optimae

423 516 535 552 notae
562 525 659 552 novo
691 512 768 552 ritu
803 515 840 552 et
874 511 1074 551 lectoribus
1101 515 1138 551 et
1166 511 1326 551 librariis
1354 511 1473 551 multo
1499 510 1664 551 faciliore
1671 526 1684 559 ς

424 583 631 637 descriptos
659 587 792 637 utpote
818 584 893 623 iam
921 583 1062 623 nullius
1088 584 1201 636 pretii
1227 598 1338 624 nemo
1365 584 1528 625 curabat.
1584 584 1685 633 Quo-

425 670 510 695 rum
541 657 685 696 utinam
715 656 840 709 plures
868 659 1026 695 aetatem
1048 655 1236 695 tulissent!
1280 655 1386 705 Quot·
1411 657 1561 710 quantis
1588 656 1687 695 enim

425 728 615 768 erroribus
641 728 735 781 lapsi
764 729 842 767 sint
870 728 937 780 qui
960 728 1083 768 literas
1104 728 1269 768 unciales
1291 728 1541 768 inexercitatis
1567 727 1687 768 oculis

424 814 618 853 perperam
647 800 765 840 lectas
792 799 910 853 ligato
940 800 1148 841 charactere
1176 804 1429 852 expresserunt
1455 804 1600 853 praeter
1625 801 1689 839 ha·
1720 841 1731 845 ,,

425 886 508 912 rum
541 886 665 912 rerum
702 872 847 913 iudices
881 886 990 913 nemo
1024 872 1136 912 facile
1173 872 1303 913 credit.
1360 872 1439 922 Qui
1476 873 1586 913 semel
1617 873 1689 913 hoc

425 945 654 998 perspexerit
678 945 719 984 in
741 930 835 984 locis
859 945 1024 984 obscuris
1050 945 1291 984 utilissimum
1315 944 1497 984 iudicabit
1517 959 1691 985 revocare

427 1017 638 1068 quadratas,
680 1017 800 1057 delere
828 1017 1188 1069 interpunctionem,
1227 1017 1380 1070 spiritus
1418 1017 1605 1067 omittere,
1644 1031 1691 1057 ne

427 1089 642 1129 accentibus
671 1088 823 1143 quidem
851 1089 1012 1129 nimium
1038 1089 1219 1138 tribuere,
1250 1103 1333 1129 cum
1362 1090 1544 1129 sexcentis
1571 1103 1691 1129 exem-

427 1162 500 1215 plis
535 1161 742 1201 luculenter
777 1164 904 1214 pateat
941 1161 981 1201 in
1019 1161 1078 1201 his
1114 1161 1285 1202 omnibus
1323 1160 1420 1202 viam
1452 1161 1560 1202 nobis
1587 1174 1691 1201 mon-

428 1239 545 1275 strare
574 1234 643 1288 qui
671 1234 745 1273 sibi
774 1234 947 1273 semitam
975 1247 1050 1273 non
1080 1233 1237 1287 sapiant.
1293 1233 1362 1273 Vel
1400 1233 1470 1283 sic,
1508 1237 1552 1273 ut
1587 1232 1692 1273 facile

429 1307 670 1361 intelligitur,
713 1321 791 1347 non
827 1307 993 1347 cuiusvis
1034 1311 1090 1347 est
1129 1307 1246 1348 multa
1280 1307 1418 1347 rectius
1449 1307 1691 1355 constituere,

429 1366 561 1421 'verum
582 1380 650 1432 qui
669 1379 810 1420 iudicio
831 1393 906 1420 non
934 1380 1088 1419 omnino
1116 1385 1174 1419 est
1194 1379 1415 1428 destitutus,
1435 1378 1694 1431 coniungenda

431 1456 531 1493 certe
552 1465 636 1494 non
663 1451 864 1500 distrahet,
894 1451 1132 1491 distrahenda
1153 1465 1227 1491 non
1248 1451 1459 1503 >coniungat
1485 1464 1605 1502 neque
1632 1450 1691 1491 bis

430 1524 529 1577 leget
556 1536 652 1575 quae
679 1523 791 1564 semel
819 1526 887 1562 aut
910 1523 1022 1564 semel
1050 1537 1146 1575 quae
1172 1523 1230 1564 bis
1257 1528 1363 1563 erant
1387 1523 1555 1576 legenda.
1597 1522 1691 1571 Qui-

431 1596 501 1636 bus
522 1595 644 1637 modis
665 1595 872 1635 scribarum
892 1595 996 1636 natio
1017 1595 1222 1636 identidem
1239 1596 1419 1648 peccavit.
1450 1594 1692 1635 Ἐπιπόλαιαι

433 1681 519 1708 sane
545 1667 637 1707 haec
664 1671 752 1706 sunt
782 1666 934 1707 vulnera
961 1670 1000 1706 et
1025 1666 1164 1709 leviora
1190 1670 1235 1708 ut
1270 1667 1398 1708 mirari
1424 1667 1543 1720 possis
1570 1666 1693 1707 adhuc

387 1781 389 1783 .
433 1739 598 1781 sananda
624 1753 827 1793 superesse.

490 1812 564 1852 Sed
598 1812 701 1852 valet
739 1811 785 1851 de
822 1810 987 1851 inventis
1026 1811 1240 1852 criticorum
1267 1826 1420 1865 quoque
1448 1816 1558 1853 acuta
1585 1826 1694 1865 quaen

435 1885 522 1925 dam
549 1883 744 1924 Plutarchi
773 1883 982 1925 observatio
1009 1885 1050 1924 in
1079 1884 1159 1924 vita
1187 1885 1358 1924 Marcelli
1391 1886 1496 1938 (Cap.
1528 1886 1594 1937 17)
1629 1885 1697 1924 ubi

382 1952 385 1954 ³
437 1956 550 1998 dicit:
581 1959 710 2003 Ζητῶν
737 1956 809 2005 μὲν
834 1955 912 2006 γὰρ
941 1957 1008 1997 οὐκ
1035 1955 1082 1997 ἄν
1110 1971 1170 2002 τις
1196 1956 1288 2007 εὕροι
1311 1957 1358 1998 δι’
1376 1957 1493 1997 αὑτοῦ
1512 1957 1581 2003 τὴν
1598 1957 1696 1997 ἁπό-

436 2029 572 2077 amem,
594 2028 687 2078 ἅμα
711 2028 748 2069 δὲ
769 2035 817 2079 τῇ
842 2029 1007 2077 μαθήσει
1026 2029 1267 2079 παρίσταται
1287 2029 1380 2078 δόξαι
1404 2032 1471 2070 τοῦ
1490 2029 1563 2070 κᾶν
1581 2027 1697 2070 αὑτὸν

440 2103 547 2158 (Leg.
566 2103 699 2156 αὐτὸς)
726 2103 859 2153 εὑρεῖν·
879 2102 973 2143 οὕτω
999 2103 1108 2143 λείαν
1131 2103 1211 2143 ὁδὸν
1236 2103 1328 2152 ἄγει
1351 2104 1415 2143 καὶ
1441 2109 1613 2152 ταχεῖαν
1635 2103 1696 2143 ἐπὶ

438 2173 481 2217 τὸ
516 2175 766 2224 δεικνύμενον.
824 2175 931 2225 Quin
971 2175 1086 2216 etiam
1119 2175 1160 2216 in
1193 2175 1320 2217 verbis
1359 2175 1566 2217 vernaculis
1609 2190 1700 2216 non-

440 2263 644 2302 numquam
672 2248 833 2290 ridicula
858 2248 1080 2301 syllabarum
1103 2249 1240 2290 divisio
1267 2264 1333 2302 per
1360 2249 1486 2289 iocum
1511 2263 1702 2302 perperam

441 2320 706 2374 dispositarum
741 2334 817 2361 non
857 2319 995 2361 stultos
1036 2324 1183 2361 tantum
1225 2322 1291 2362 sed
1332 2321 1498 2362 eruditos
1533 2320 1703 2361 homines

442 2393 558 2447 probe
591 2393 751 2446 decepit.

496 2465 547 2508 Iu
564 2465 721 2508 Graecia
743 2471 871 2507 autem
893 2465 1082 2507 interdum
1098 2467 1156 2506 vel
1178 2480 1277 2508 unus
1295 2466 1450 2519 spiritus
1469 2466 1563 2506 male
1583 2466 1703 2507 lectus
