<?xml version="1.0" encoding="UTF-8"?>
<!DOCTYPE html PUBLIC "-//W3C//DTD XHTML 1.0 Transitional//EN"
    "http://www.w3.org/TR/xhtml1/DTD/xhtml1-transitional.dtd">
<html xmlns="http://www.w3.org/1999/xhtml" xml:lang="en" lang="en">
 <head>
  <title>
</title>
<meta http-equiv="Content-Type" content="text/html;charset=utf-8" />
  <meta name='ocr-system' content='tesseract 3.04.00' />
  <meta name='ocr-capabilities' content='ocr_page ocr_carea ocr_par ocr_line ocrx_word'/>
</head>
<body>
  <div class='ocr_page' id='page_1' title='image "4737922_0106.png"; bbox 0 0 1937 3075; ppageno 0'>
   <div class='ocr_carea' id='block_1_1' title="bbox 972 243 1023 281">
    <p class='ocr_par' dir='ltr' id='par_1_1' title="bbox 972 243 1023 281">
     <span class='ocr_line' id='line_1_1' title="bbox 972 243 1023 281; baseline 0.02 -1"><span class='ocrx_word' id='word_1_1' title='bbox 972 243 1023 281; x_wconf 90' lang='grc'>90</span> 
     </span>
    </p>
   </div>
   <div class='ocr_carea' id='block_1_2' title="bbox 363 370 1632 498">
    <p class='ocr_par' dir='ltr' id='par_1_2' title="bbox 363 370 1632 498">
     <span class='ocr_line' id='line_1_2' title="bbox 364 370 1628 426; baseline 0.002 -16"><span class='ocrx_word' id='word_1_2' title='bbox 364 370 558 410; x_wconf 88' lang='lat' dir='ltr'>Demosth.</span> <span class='ocrx_word' id='word_1_3' title='bbox 595 370 699 411; x_wconf 87' lang='lat' dir='ltr'>Orat.</span> <span class='ocrx_word' id='word_1_4' title='bbox 730 370 836 411; x_wconf 68' lang='grc' dir='ltr'><em>κοντοὶ</em></span> <span class='ocrx_word' id='word_1_5' title='bbox 873 372 1044 422; x_wconf 72' lang='grc' dir='ltr'><em>Νεαίρας</em></span> <span class='ocrx_word' id='word_1_6' title='bbox 1073 374 1094 426; x_wconf 59' lang='grc' dir='ltr'>ᾧ</span> <span class='ocrx_word' id='word_1_7' title='bbox 1130 373 1193 414; x_wconf 85' lang='grc'>36.</span> <span class='ocrx_word' id='word_1_8' title='bbox 1239 373 1453 419; x_wconf 68' lang='grc' dir='ltr'><em>πολυτελὴς</em></span> <span class='ocrx_word' id='word_1_9' title='bbox 1495 371 1556 418; x_wconf 78' lang='grc' dir='ltr'>ἦν,</span> <span class='ocrx_word' id='word_1_10' title='bbox 1597 374 1628 413; x_wconf 85' lang='grc' dir='ltr'>οἱ</span> 
     </span>
     <span class='ocr_line' id='line_1_3' title="bbox 363 444 1632 498; baseline 0 -14"><span class='ocrx_word' id='word_1_11' title='bbox 363 449 553 492; x_wconf 69' lang='grc' dir='ltr'>Μεγαρῆς</span> <span class='ocrx_word' id='word_1_12' title='bbox 584 444 867 493; x_wconf 77' lang='grc' dir='ltr'><em>δὀἔνελεύθεροι</em></span> <span class='ocrx_word' id='word_1_13' title='bbox 901 446 966 484; x_wconf 75' lang='grc' dir='ltr'>καὶ</span> <span class='ocrx_word' id='word_1_14' title='bbox 1005 445 1236 493; x_wconf 73' lang='grc' dir='ltr'>μικρολόγοι.</span> <span class='ocrx_word' id='word_1_15' title='bbox 1296 446 1443 498; x_wconf 87' lang='lat' dir='ltr'><strong>Optimi</strong></span> <span class='ocrx_word' id='word_1_16' title='bbox 1482 446 1632 485; x_wconf 83' lang='lat' dir='ltr'>codices</span> 
     </span>
    </p>
   </div>
   <div class='ocr_carea' id='block_1_3' title="bbox 365 436 565 443">
    <p class='ocr_par' dir='ltr' id='par_1_3' title="bbox 365 436 565 443">
     <span class='ocr_line' id='line_1_4' title="bbox 365 436 565 443; baseline 0 2632"><span class='ocrx_word' id='word_1_17' title='bbox 365 436 565 443; x_wconf 95' lang='lat' dir='ltr'> </span> 
     </span>
    </p>
   </div>
   <div class='ocr_carea' id='block_1_4' title="bbox 361 518 1634 2538">
    <p class='ocr_par' dir='ltr' id='par_1_4' title="bbox 362 518 1631 790">
     <span class='ocr_line' id='line_1_5' title="bbox 362 518 1628 572; baseline 0.001 -14"><span class='ocrx_word' id='word_1_18' title='bbox 362 518 449 559; x_wconf 85' lang='lat' dir='ltr'>alii:</span> <span class='ocrx_word' id='word_1_19' title='bbox 489 518 580 566; x_wconf 77' lang='grc' dir='ltr'>μὲν</span> <span class='ocrx_word' id='word_1_20' title='bbox 617 518 708 567; x_wconf 73' lang='grc' dir='ltr'>γὰρ</span> <span class='ocrx_word' id='word_1_21' title='bbox 748 518 780 558; x_wconf 77' lang='grc' dir='ltr'>δ’</span> <span class='ocrx_word' id='word_1_22' title='bbox 800 518 1033 568; x_wconf 68' lang='grc' dir='ltr'><em>ἀνελεύθεροι</em></span> <span class='ocrx_word' id='word_1_23' title='bbox 1071 519 1124 571; x_wconf 89' lang='lat' dir='ltr'>(in</span> <span class='ocrx_word' id='word_1_24' title='bbox 1153 519 1320 572; x_wconf 82' lang='lat' dir='ltr'><strong>margine</strong></span> <span class='ocrx_word' id='word_1_25' title='bbox 1347 519 1471 572; x_wconf 84' lang='lat' dir='ltr'>posito</span> <span class='ocrx_word' id='word_1_26' title='bbox 1499 535 1628 567; x_wconf 74' lang='grc' dir='ltr'><em>μεγα-</em></span> 
     </span>
     <span class='ocr_line' id='line_1_6' title="bbox 362 588 1629 644; baseline 0 -14"><span class='ocrx_word' id='word_1_27' title='bbox 362 593 475 643; x_wconf 83' lang='grc' dir='ltr'><em>ρεῖς),</em></span> <span class='ocrx_word' id='word_1_28' title='bbox 506 591 572 630; x_wconf 86' lang='lat' dir='ltr'>alii</span> <span class='ocrx_word' id='word_1_29' title='bbox 608 592 695 638; x_wconf 79' lang='grc' dir='ltr'>μὲν</span> <span class='ocrx_word' id='word_1_30' title='bbox 729 591 822 640; x_wconf 70' lang='grc' dir='ltr'>γὰρ</span> <span class='ocrx_word' id='word_1_31' title='bbox 856 588 975 634; x_wconf 75' lang='grc' dir='ltr'>ἦσαν</span> <span class='ocrx_word' id='word_1_32' title='bbox 1011 591 1217 640; x_wconf 77' lang='grc' dir='ltr'><em>ἐλεύθεροι,</em></span> <span class='ocrx_word' id='word_1_33' title='bbox 1256 592 1317 631; x_wconf 85' lang='lat' dir='ltr'>alii</span> <span class='ocrx_word' id='word_1_34' title='bbox 1356 592 1517 644; x_wconf 88' lang='lat' dir='ltr'>denique</span> <span class='ocrx_word' id='word_1_35' title='bbox 1544 592 1629 639; x_wconf 81' lang='grc' dir='ltr'>μὲν</span> 
     </span>
     <span class='ocr_line' id='line_1_7' title="bbox 363 663 1631 717; baseline 0 -12"><span class='ocrx_word' id='word_1_36' title='bbox 363 665 457 715; x_wconf 72' lang='grc' dir='ltr'>γὰρ</span> <span class='ocrx_word' id='word_1_37' title='bbox 487 670 732 714; x_wconf 70' lang='grc' dir='ltr'>μεγαρεῑς</span> <span class='ocrx_word' id='word_1_38' title='bbox 762 664 1010 713; x_wconf 69' lang='grc' dir='ltr'><em>ἀνελεύθεροι.</em></span> <span class='ocrx_word' id='word_1_39' title='bbox 1069 663 1151 704; x_wconf 83' lang='lat' dir='ltr'>Iam</span> <span class='ocrx_word' id='word_1_40' title='bbox 1190 665 1461 705; x_wconf 84' lang='lat' dir='ltr'>animadvertat</span> <span class='ocrx_word' id='word_1_41' title='bbox 1494 665 1631 717; x_wconf 86' lang='lat' dir='ltr'>aliquis</span> 
     </span>
     <span class='ocr_line' id='line_1_8' title="bbox 363 737 1227 790; baseline -0.001 -12"><span class='ocrx_word' id='word_1_42' title='bbox 363 738 568 790; x_wconf 83' lang='lat' dir='ltr'><strong>quantillus</strong></span> <span class='ocrx_word' id='word_1_43' title='bbox 596 751 695 777; x_wconf 87' lang='lat' dir='ltr'>error</span> <span class='ocrx_word' id='word_1_44' title='bbox 723 741 881 789; x_wconf 83' lang='lat' dir='ltr'>quantas</span> <span class='ocrx_word' id='word_1_45' title='bbox 910 737 1041 776; x_wconf 84' lang='lat' dir='ltr'><strong>turbas</strong></span> <span class='ocrx_word' id='word_1_46' title='bbox 1069 737 1227 777; x_wconf 79' lang='lat' dir='ltr'><strong>dederit.</strong></span> 
     </span>
    </p>

    <p class='ocr_par' dir='ltr' id='par_1_5' title="bbox 362 810 1630 1010">
     <span class='ocr_line' id='line_1_9' title="bbox 418 810 1630 863; baseline 0 -13"><span class='ocrx_word' id='word_1_47' title='bbox 418 811 588 852; x_wconf 81' lang='lat' dir='ltr'>Strictim</span> <span class='ocrx_word' id='word_1_48' title='bbox 627 825 728 850; x_wconf 89' lang='lat' dir='ltr'>nunc</span> <span class='ocrx_word' id='word_1_49' title='bbox 768 810 950 863; x_wconf 84' lang='lat' dir='ltr'>attingam</span> <span class='ocrx_word' id='word_1_50' title='bbox 988 811 1150 862; x_wconf 85' lang='lat' dir='ltr'>reliquas</span> <span class='ocrx_word' id='word_1_51' title='bbox 1190 811 1496 850; x_wconf 78' lang='lat' dir='ltr'>terminationum</span> <span class='ocrx_word' id='word_1_52' title='bbox 1523 815 1630 850; x_wconf 87' lang='lat' dir='ltr'>notas</span> 
     </span>
     <span class='ocr_line' id='line_1_10' title="bbox 362 883 1630 936; baseline -0.002 -12"><span class='ocrx_word' id='word_1_53' title='bbox 362 898 519 936; x_wconf 86' lang='lat' dir='ltr'>quarum</span> <span class='ocrx_word' id='word_1_54' title='bbox 546 883 748 923; x_wconf 79' lang='lat' dir='ltr'>nonnullae</span> <span class='ocrx_word' id='word_1_55' title='bbox 775 899 797 923; x_wconf 87' lang='lat' dir='ltr'>a</span> <span class='ocrx_word' id='word_1_56' title='bbox 819 883 1085 923; x_wconf 87' lang='lat' dir='ltr'>recentioribus</span> <span class='ocrx_word' id='word_1_57' title='bbox 1113 883 1226 922; x_wconf 90' lang='lat' dir='ltr'>etiam</span> <span class='ocrx_word' id='word_1_58' title='bbox 1251 883 1291 922; x_wconf 91' lang='lat' dir='ltr'>in</span> <span class='ocrx_word' id='word_1_59' title='bbox 1317 883 1450 923; x_wconf 87' lang='lat' dir='ltr'>mediis</span> <span class='ocrx_word' id='word_1_60' title='bbox 1474 883 1630 923; x_wconf 86' lang='lat' dir='ltr'>vocibus</span> 
     </span>
     <span class='ocr_line' id='line_1_11' title="bbox 362 961 603 1010; baseline -0.004 -14"><span class='ocrx_word' id='word_1_61' title='bbox 362 961 603 1010; x_wconf 82' lang='lat' dir='ltr'>usurpantur.</span> 
     </span>
    </p>

    <p class='ocr_par' dir='ltr' id='par_1_6' title="bbox 361 1029 1629 1154">
     <span class='ocr_line' id='line_1_12' title="bbox 418 1029 1629 1081; baseline 0 -12"><span class='ocrx_word' id='word_1_62' title='bbox 418 1045 455 1070; x_wconf 76' lang='grc' dir='ltr'>σοι</span> <span class='ocrx_word' id='word_1_63' title='bbox 486 1034 544 1069; x_wconf 90' lang='lat' dir='ltr'>est</span> <span class='ocrx_word' id='word_1_64' title='bbox 571 1030 732 1069; x_wconf 85' lang='lat' dir='ltr'>uncinus</span> <span class='ocrx_word' id='word_1_65' title='bbox 760 1029 993 1068; x_wconf 84' lang='lat' dir='ltr'>antecedenti</span> <span class='ocrx_word' id='word_1_66' title='bbox 1020 1029 1148 1068; x_wconf 85' lang='lat' dir='ltr'>literae</span> <span class='ocrx_word' id='word_1_67' title='bbox 1175 1029 1325 1068; x_wconf 84' lang='lat' dir='ltr'>additus</span> <span class='ocrx_word' id='word_1_68' title='bbox 1356 1030 1369 1081; x_wconf 99' lang='lat'>(</span> <span class='ocrx_word' id='word_1_69' title='bbox 1389 1031 1441 1081; x_wconf 73' lang='lat'>5)</span> <span class='ocrx_word' id='word_1_70' title='bbox 1466 1030 1506 1069; x_wconf 92' lang='lat' dir='ltr'>in</span> <span class='ocrx_word' id='word_1_71' title='bbox 1529 1030 1629 1071; x_wconf 83' lang='lat' dir='ltr'>hunc</span> 
     </span>
     <span class='ocr_line' id='line_1_13' title="bbox 361 1102 1386 1154; baseline -0.002 -11"><span class='ocrx_word' id='word_1_72' title='bbox 361 1105 437 1143; x_wconf 85' lang='lat' dir='ltr'>fere</span> <span class='ocrx_word' id='word_1_73' title='bbox 466 1102 637 1142; x_wconf 86' lang='lat' dir='ltr'>modum:</span> <span class='ocrx_word' id='word_1_74' title='bbox 681 1108 719 1152; x_wconf 60' lang='grc' dir='ltr'>ὃς</span> <span class='ocrx_word' id='word_1_75' title='bbox 742 1122 792 1136; x_wconf 91' lang='lat'>=</span> <span class='ocrx_word' id='word_1_76' title='bbox 809 1102 895 1150; x_wconf 76' lang='grc' dir='ltr'>καὶ,</span> <span class='ocrx_word' id='word_1_77' title='bbox 929 1102 1065 1152; x_wconf 54' lang='grc' dir='ltr'><em>γίνεῆ</em></span> <span class='ocrx_word' id='word_1_78' title='bbox 1092 1102 1386 1154; x_wconf 66' lang='lat' dir='ltr'>=yl(7)ve·rus.</span> 
     </span>
    </p>

    <p class='ocr_par' dir='ltr' id='par_1_7' title="bbox 362 1164 1629 1365">
     <span class='ocr_line' id='line_1_14' title="bbox 416 1164 1629 1222; baseline 0.001 -8"><span class='ocrx_word' id='word_1_79' title='bbox 416 1190 477 1219; x_wconf 74' lang='grc' dir='ltr'>οοις</span> <span class='ocrx_word' id='word_1_80' title='bbox 495 1194 546 1210; x_wconf 88' lang='lat'>==</span> <span class='ocrx_word' id='word_1_81' title='bbox 565 1195 602 1222; x_wconf 67' lang='grc' dir='ltr'><em>η</em></span> <span class='ocrx_word' id='word_1_82' title='bbox 642 1190 674 1216; x_wconf 92' lang='lat' dir='ltr'>e.</span> <span class='ocrx_word' id='word_1_83' title='bbox 691 1189 723 1215; x_wconf 89' lang='lat' dir='ltr'>c.</span> <span class='ocrx_word' id='word_1_84' title='bbox 753 1164 895 1220; x_wconf 77' lang='grc' dir='ltr'><strong><em>στήλ”</em></strong></span> <span class='ocrx_word' id='word_1_85' title='bbox 914 1194 965 1209; x_wconf 90' lang='lat'><strong><em>=</em></strong></span> <span class='ocrx_word' id='word_1_86' title='bbox 990 1175 1167 1220; x_wconf 75' lang='grc' dir='ltr'>στήλαις.</span> <span class='ocrx_word' id='word_1_87' title='bbox 1214 1175 1405 1214; x_wconf 82' lang='lat' dir='ltr'>Facillime</span> <span class='ocrx_word' id='word_1_88' title='bbox 1433 1176 1525 1216; x_wconf 86' lang='lat' dir='ltr'>haec</span> <span class='ocrx_word' id='word_1_89' title='bbox 1557 1179 1629 1215; x_wconf 86' lang='lat' dir='ltr'>ter-</span> 
     </span>
     <span class='ocr_line' id='line_1_15' title="bbox 363 1248 1629 1301; baseline 0 -13"><span class='ocrx_word' id='word_1_90' title='bbox 363 1249 518 1288; x_wconf 87' lang='lat' dir='ltr'>minatio</span> <span class='ocrx_word' id='word_1_91' title='bbox 540 1249 857 1301; x_wconf 87' lang='lat' dir='ltr'>pronuntiationis</span> <span class='ocrx_word' id='word_1_92' title='bbox 874 1249 966 1288; x_wconf 89' lang='lat' dir='ltr'>vitio</span> <span class='ocrx_word' id='word_1_93' title='bbox 995 1252 1182 1288; x_wconf 86' lang='lat' dir='ltr'>exaratur:</span> <span class='ocrx_word' id='word_1_94' title='bbox 1215 1265 1230 1290; x_wconf 75' lang='lat'><em>5</em></span> <span class='ocrx_word' id='word_1_95' title='bbox 1263 1248 1320 1287; x_wconf 87' lang='lat' dir='ltr'>vel</span> <span class='ocrx_word' id='word_1_96' title='bbox 1340 1253 1357 1286; x_wconf 77' lang='grc' dir='ltr'>ἰ·</span> <span class='ocrx_word' id='word_1_97' title='bbox 1394 1263 1490 1300; x_wconf 87' lang='lat' dir='ltr'>quae</span> <span class='ocrx_word' id='word_1_98' title='bbox 1518 1252 1629 1288; x_wconf 88' lang='lat' dir='ltr'>notae</span> 
     </span>
     <span class='ocr_line' id='line_1_16' title="bbox 362 1311 874 1365; baseline -0.006 -4"><span class='ocrx_word' id='word_1_99' title='bbox 362 1322 487 1361; x_wconf 88' lang='lat' dir='ltr'>valent</span> <span class='ocrx_word' id='word_1_100' title='bbox 515 1336 568 1365; x_wconf 85' lang='grc' dir='ltr'>ες.</span> <span class='ocrx_word' id='word_1_101' title='bbox 871 1311 874 1314; x_wconf 43' lang='grc'><strong><em>’</em></strong></span> 
     </span>
    </p>

    <p class='ocr_par' dir='ltr' id='par_1_8' title="bbox 581 1379 1384 1511">
     <span class='ocr_line' id='line_1_17' title="bbox 582 1379 1384 1438; baseline 0 -5"><span class='ocrx_word' id='word_1_102' title='bbox 582 1409 697 1433; x_wconf 71' lang='lat' dir='ltr'>xv=</span> <span class='ocrx_word' id='word_1_103' title='bbox 732 1407 757 1434; x_wconf 60' lang='grc' dir='ltr'>μ</span> <span class='ocrx_word' id='word_1_104' title='bbox 799 1394 858 1433; x_wconf 86' lang='lat' dir='ltr'>vel</span> <span class='ocrx_word' id='word_1_105' title='bbox 896 1399 917 1438; x_wconf 75' lang='lat' dir='ltr'>l,</span> <span class='ocrx_word' id='word_1_106' title='bbox 956 1408 988 1434; x_wconf 91' lang='lat' dir='ltr'>e.</span> <span class='ocrx_word' id='word_1_107' title='bbox 1004 1408 1036 1433; x_wconf 87' lang='lat' dir='ltr'>c.</span> <span class='ocrx_word' id='word_1_108' title='bbox 1067 1379 1166 1433; x_wconf 65' lang='lat' dir='ltr'>Me&#39;b</span> <span class='ocrx_word' id='word_1_109' title='bbox 1195 1394 1384 1433; x_wconf 66' lang='grc' dir='ltr'>Ξλείοιν.</span> 
     </span>
     <span class='ocr_line' id='line_1_18' title="bbox 581 1466 1167 1511; baseline -0.002 -5"><span class='ocrx_word' id='word_1_110' title='bbox 581 1482 627 1511; x_wconf 82' lang='grc' dir='ltr'>οις</span> <span class='ocrx_word' id='word_1_111' title='bbox 646 1486 696 1502; x_wconf 86' lang='lat'>=</span> <span class='ocrx_word' id='word_1_112' title='bbox 712 1487 739 1500; x_wconf 76' lang='grc' dir='ltr'><strong>υ</strong></span> <span class='ocrx_word' id='word_1_113' title='bbox 763 1481 795 1507; x_wconf 89' lang='lat' dir='ltr'>e.</span> <span class='ocrx_word' id='word_1_114' title='bbox 812 1481 844 1507; x_wconf 91' lang='lat' dir='ltr'>c.</span> <span class='ocrx_word' id='word_1_115' title='bbox 873 1466 1028 1506; x_wconf 59' lang='lat' dir='ltr'><em>Ml⁸²=</em></span> <span class='ocrx_word' id='word_1_116' title='bbox 1044 1466 1167 1511; x_wconf 78' lang='grc' dir='ltr'><em>λείοις.</em></span> 
     </span>
    </p>

    <p class='ocr_par' dir='ltr' id='par_1_9' title="bbox 362 1540 1630 1798">
     <span class='ocr_line' id='line_1_19' title="bbox 417 1540 1630 1592; baseline -0.002 -13"><span class='ocrx_word' id='word_1_117' title='bbox 417 1541 532 1579; x_wconf 85' lang='lat' dir='ltr'>Recte</span> <span class='ocrx_word' id='word_1_118' title='bbox 561 1541 714 1579; x_wconf 76' lang='lat' dir='ltr'>Bestius</span> <span class='ocrx_word' id='word_1_119' title='bbox 744 1543 949 1592; x_wconf 55' lang='lat' dir='ltr'>&#39;&#39;perpetua</span> <span class='ocrx_word' id='word_1_120' title='bbox 976 1540 1196 1592; x_wconf 82' lang='lat' dir='ltr'>syllabarum</span> <span class='ocrx_word' id='word_1_121' title='bbox 1235 1554 1281 1578; x_wconf 76' lang='grc' dir='ltr'>αν</span> <span class='ocrx_word' id='word_1_122' title='bbox 1320 1544 1356 1579; x_wconf 91' lang='lat' dir='ltr'>et</span> <span class='ocrx_word' id='word_1_123' title='bbox 1390 1554 1435 1581; x_wconf 77' lang='grc' dir='ltr'>αις</span> <span class='ocrx_word' id='word_1_124' title='bbox 1467 1553 1630 1578; x_wconf 88' lang='lat' dir='ltr'>commu.</span> 
     </span>
     <span class='ocr_line' id='line_1_20' title="bbox 362 1612 1630 1665; baseline -0.002 -12"><span class='ocrx_word' id='word_1_125' title='bbox 362 1614 456 1653; x_wconf 82' lang='lat' dir='ltr'>tatio</span> <span class='ocrx_word' id='word_1_126' title='bbox 485 1628 560 1652; x_wconf 89' lang='lat' dir='ltr'>non</span> <span class='ocrx_word' id='word_1_127' title='bbox 589 1617 665 1652; x_wconf 83' lang='lat' dir='ltr'>tam</span> <span class='ocrx_word' id='word_1_128' title='bbox 689 1614 807 1652; x_wconf 82' lang='lat' dir='ltr'>oritur</span> <span class='ocrx_word' id='word_1_129' title='bbox 836 1626 882 1651; x_wconf 85' lang='lat' dir='ltr'>ex</span> <span class='ocrx_word' id='word_1_130' title='bbox 911 1612 1159 1652; x_wconf 89' lang='lat' dir='ltr'>similitudine</span> <span class='ocrx_word' id='word_1_131' title='bbox 1188 1612 1492 1665; x_wconf 85' lang='lat' dir='ltr'>compendiorum</span> <span class='ocrx_word' id='word_1_132' title='bbox 1519 1627 1630 1664; x_wconf 87' lang='lat' dir='ltr'>quam</span> 
     </span>
     <span class='ocr_line' id='line_1_21' title="bbox 363 1685 1630 1737; baseline -0.002 -12"><span class='ocrx_word' id='word_1_133' title='bbox 363 1701 408 1726; x_wconf 86' lang='lat' dir='ltr'>ex</span> <span class='ocrx_word' id='word_1_134' title='bbox 442 1686 646 1725; x_wconf 81' lang='lat' dir='ltr'>scribarum</span> <span class='ocrx_word' id='word_1_135' title='bbox 684 1690 722 1724; x_wconf 92' lang='lat' dir='ltr'>et</span> <span class='ocrx_word' id='word_1_136' title='bbox 756 1686 936 1725; x_wconf 85' lang='lat' dir='ltr'>lectorum</span> <span class='ocrx_word' id='word_1_137' title='bbox 978 1685 1191 1737; x_wconf 82' lang='lat' dir='ltr'>ignorantia</span> <span class='ocrx_word' id='word_1_138' title='bbox 1232 1699 1391 1736; x_wconf 86' lang='lat' dir='ltr'>quorum</span> <span class='ocrx_word' id='word_1_139' title='bbox 1427 1685 1466 1724; x_wconf 89' lang='lat' dir='ltr'>in</span> <span class='ocrx_word' id='word_1_140' title='bbox 1497 1685 1630 1724; x_wconf 87' lang='lat' dir='ltr'>animis</span> 
     </span>
     <span class='ocr_line' id='line_1_22' title="bbox 363 1756 1630 1798; baseline -0.002 0"><span class='ocrx_word' id='word_1_141' title='bbox 363 1759 554 1798; x_wconf 83' lang='lat' dir='ltr'>ambarum</span> <span class='ocrx_word' id='word_1_142' title='bbox 583 1762 754 1797; x_wconf 83' lang='lat' dir='ltr'>notarum</span> <span class='ocrx_word' id='word_1_143' title='bbox 783 1758 901 1796; x_wconf 85' lang='lat' dir='ltr'>clarae</span> <span class='ocrx_word' id='word_1_144' title='bbox 922 1757 1094 1796; x_wconf 84' lang='lat' dir='ltr'>notiones</span> <span class='ocrx_word' id='word_1_145' title='bbox 1118 1771 1190 1796; x_wconf 93' lang='lat' dir='ltr'>non</span> <span class='ocrx_word' id='word_1_146' title='bbox 1218 1758 1439 1797; x_wconf 86' lang='lat' dir='ltr'>informatae</span> <span class='ocrx_word' id='word_1_147' title='bbox 1468 1756 1630 1797; x_wconf 86' lang='lat' dir='ltr'>essent.’&#39;</span> 
     </span>
    </p>

    <p class='ocr_par' dir='ltr' id='par_1_10' title="bbox 364 1829 1632 2026">
     <span class='ocr_line' id='line_1_23' title="bbox 418 1829 1631 1884; baseline -0.001 -14"><span class='ocrx_word' id='word_1_148' title='bbox 418 1846 464 1881; x_wconf 85' lang='grc' dir='ltr'>οιρ</span> <span class='ocrx_word' id='word_1_149' title='bbox 482 1851 532 1866; x_wconf 89' lang='lat'>=</span> <span class='ocrx_word' id='word_1_150' title='bbox 549 1851 595 1867; x_wconf 54' lang='grc' dir='ltr'>νο</span> <span class='ocrx_word' id='word_1_151' title='bbox 633 1846 664 1872; x_wconf 90' lang='lat' dir='ltr'>e.</span> <span class='ocrx_word' id='word_1_152' title='bbox 681 1845 712 1871; x_wconf 85' lang='lat' dir='ltr'>o.</span> <span class='ocrx_word' id='word_1_153' title='bbox 743 1829 811 1870; x_wconf 57' lang='grc' dir='ltr'>κὌ</span> <span class='ocrx_word' id='word_1_154' title='bbox 825 1835 992 1880; x_wconf 54' lang='grc' dir='ltr'><em>τερεῖι-</em></span> <span class='ocrx_word' id='word_1_155' title='bbox 1010 1835 1197 1880; x_wconf 78' lang='grc' dir='ltr'><em>καρτερεῖ.</em></span> <span class='ocrx_word' id='word_1_156' title='bbox 1240 1830 1346 1870; x_wconf 89' lang='lat' dir='ltr'>Idem</span> <span class='ocrx_word' id='word_1_157' title='bbox 1370 1830 1631 1884; x_wconf 88' lang='lat' dir='ltr'>compendium</span> 
     </span>
     <span class='ocr_line' id='line_1_24' title="bbox 364 1903 1632 1957; baseline 0 -14"><span class='ocrx_word' id='word_1_158' title='bbox 364 1905 483 1944; x_wconf 85' lang='lat' dir='ltr'>forma</span> <span class='ocrx_word' id='word_1_159' title='bbox 520 1905 728 1957; x_wconf 86' lang='lat' dir='ltr'>paullulum</span> <span class='ocrx_word' id='word_1_160' title='bbox 765 1905 964 1944; x_wconf 84' lang='lat' dir='ltr'>immutata</span> <span class='ocrx_word' id='word_1_161' title='bbox 1004 1917 1089 1943; x_wconf 88' lang='lat' dir='ltr'>cum</span> <span class='ocrx_word' id='word_1_162' title='bbox 1125 1919 1151 1951; x_wconf 75' lang='lat' dir='ltr'><em>y</em></span> <span class='ocrx_word' id='word_1_163' title='bbox 1195 1918 1404 1944; x_wconf 85' lang='lat' dir='ltr'>connexum</span> <span class='ocrx_word' id='word_1_164' title='bbox 1444 1903 1632 1956; x_wconf 85' lang='lat' dir='ltr'>significat</span> 
     </span>
     <span class='ocr_line' id='line_1_25' title="bbox 364 1978 476 2026; baseline 0.009 -10"><span class='ocrx_word' id='word_1_165' title='bbox 364 1978 476 2026; x_wconf 71' lang='grc' dir='ltr'>γάρ.</span> 
     </span>
    </p>

    <p class='ocr_par' dir='ltr' id='par_1_11' title="bbox 365 2048 1634 2538">
     <span class='ocr_line' id='line_1_26' title="bbox 420 2048 1627 2101; baseline -0.002 -14"><span class='ocrx_word' id='word_1_166' title='bbox 420 2063 450 2087; x_wconf 79' lang='grc' dir='ltr'>ει</span> <span class='ocrx_word' id='word_1_167' title='bbox 469 2067 519 2082; x_wconf 90' lang='lat'>=</span> <span class='ocrx_word' id='word_1_168' title='bbox 543 2048 559 2096; x_wconf 69' lang='lat' dir='ltr'>&lt;J</span> <span class='ocrx_word' id='word_1_169' title='bbox 580 2079 591 2096; x_wconf 88' lang='lat'>,</span> <span class='ocrx_word' id='word_1_170' title='bbox 622 2064 662 2087; x_wconf 83' lang='grc' dir='ltr'>ευ</span> <span class='ocrx_word' id='word_1_171' title='bbox 679 2067 729 2082; x_wconf 90' lang='lat'>=</span> <span class='ocrx_word' id='word_1_172' title='bbox 752 2054 788 2095; x_wconf 49' lang='grc' dir='ltr'>,ζ</span> <span class='ocrx_word' id='word_1_173' title='bbox 811 2080 821 2096; x_wconf 88' lang='grc'><em>,</em></span> <span class='ocrx_word' id='word_1_174' title='bbox 852 2050 906 2100; x_wconf 89' lang='lat' dir='ltr'>(in</span> <span class='ocrx_word' id='word_1_175' title='bbox 934 2050 1197 2089; x_wconf 89' lang='lat' dir='ltr'>vetustioribus</span> <span class='ocrx_word' id='word_1_176' title='bbox 1224 2050 1330 2089; x_wconf 85' lang='lat' dir='ltr'>libris</span> <span class='ocrx_word' id='word_1_177' title='bbox 1352 2051 1415 2101; x_wconf 68' lang='grc' dir='ltr'>ἴ)</span> <span class='ocrx_word' id='word_1_178' title='bbox 1445 2065 1484 2089; x_wconf 89' lang='grc' dir='ltr'>ου</span> <span class='ocrx_word' id='word_1_179' title='bbox 1510 2069 1560 2084; x_wconf 85' lang='lat'><strong><em>=</em></strong></span> <span class='ocrx_word' id='word_1_180' title='bbox 1577 2056 1627 2085; x_wconf 74' lang='grc' dir='ltr'>-υ</span> 
     </span>
     <span class='ocr_line' id='line_1_27' title="bbox 365 2122 1630 2175; baseline 0.004 -15"><span class='ocrx_word' id='word_1_181' title='bbox 365 2122 424 2161; x_wconf 90' lang='lat' dir='ltr'>vel</span> <span class='ocrx_word' id='word_1_182' title='bbox 457 2124 507 2170; x_wconf 64' lang='grc' dir='ltr'>ὅ,</span> <span class='ocrx_word' id='word_1_183' title='bbox 539 2136 646 2174; x_wconf 86' lang='lat' dir='ltr'>saepe</span> <span class='ocrx_word' id='word_1_184' title='bbox 668 2122 824 2161; x_wconf 80' lang='lat' dir='ltr'>ridicule</span> <span class='ocrx_word' id='word_1_185' title='bbox 847 2123 1127 2175; x_wconf 86' lang='lat' dir='ltr'>permiscentur.</span> <span class='ocrx_word' id='word_1_186' title='bbox 1158 2123 1205 2162; x_wconf 91' lang='lat' dir='ltr'>In</span> <span class='ocrx_word' id='word_1_187' title='bbox 1227 2124 1357 2175; x_wconf 89' lang='lat' dir='ltr'>Eurip.</span> <span class='ocrx_word' id='word_1_188' title='bbox 1383 2124 1485 2164; x_wconf 81' lang='lat' dir='ltr'>Med.</span> <span class='ocrx_word' id='word_1_189' title='bbox 1502 2138 1535 2164; x_wconf 90' lang='lat' dir='ltr'>v.</span> <span class='ocrx_word' id='word_1_190' title='bbox 1555 2127 1630 2165; x_wconf 78' lang='lat'>512</span> 
     </span>
     <span class='ocr_line' id='line_1_28' title="bbox 365 2193 1634 2243; baseline 0.002 -10"><span class='ocrx_word' id='word_1_191' title='bbox 365 2195 414 2233; x_wconf 83' lang='grc' dir='ltr'>οὐ</span> <span class='ocrx_word' id='word_1_192' title='bbox 450 2193 651 2243; x_wconf 74' lang='grc' dir='ltr'><em>Φεύξομοιί</em></span> <span class='ocrx_word' id='word_1_193' title='bbox 687 2208 735 2241; x_wconf 73' lang='grc' dir='ltr'>γε</span> <span class='ocrx_word' id='word_1_194' title='bbox 776 2199 897 2241; x_wconf 72' lang='grc' dir='ltr'><em>γαῖοιν</em></span> <span class='ocrx_word' id='word_1_195' title='bbox 935 2193 1206 2242; x_wconf 72' lang='grc' dir='ltr'><em>ἐκβεβλημένη</em></span> <span class='ocrx_word' id='word_1_196' title='bbox 1251 2209 1296 2235; x_wconf 86' lang='lat' dir='ltr'>ex</span> <span class='ocrx_word' id='word_1_197' title='bbox 1334 2195 1439 2235; x_wconf 87' lang='lat' dir='ltr'>libris</span> <span class='ocrx_word' id='word_1_198' title='bbox 1476 2196 1634 2236; x_wconf 84' lang='lat' dir='ltr'>afferunt</span> 
     </span>
     <span class='ocr_line' id='line_1_29' title="bbox 365 2266 1631 2319; baseline 0.002 -14"><span class='ocrx_word' id='word_1_199' title='bbox 365 2280 433 2318; x_wconf 85' lang='lat' dir='ltr'>pro</span> <span class='ocrx_word' id='word_1_200' title='bbox 464 2267 516 2306; x_wconf 81' lang='grc' dir='ltr'>εἰ,</span> <span class='ocrx_word' id='word_1_201' title='bbox 572 2267 617 2305; x_wconf 85' lang='lat' dir='ltr'>In</span> <span class='ocrx_word' id='word_1_202' title='bbox 648 2267 771 2306; x_wconf 83' lang='lat' dir='ltr'>Schol.</span> <span class='ocrx_word' id='word_1_203' title='bbox 801 2267 848 2306; x_wconf 84' lang='lat' dir='ltr'>ad</span> <span class='ocrx_word' id='word_1_204' title='bbox 877 2266 1012 2319; x_wconf 83' lang='lat' dir='ltr'>odyss.</span> <span class='ocrx_word' id='word_1_205' title='bbox 1038 2273 1063 2307; x_wconf 89' lang='grc' dir='ltr'>Ξ</span> <span class='ocrx_word' id='word_1_206' title='bbox 1096 2281 1132 2306; x_wconf 90' lang='lat' dir='ltr'>v.</span> <span class='ocrx_word' id='word_1_207' title='bbox 1165 2270 1240 2306; x_wconf 78' lang='lat'>162</span> <span class='ocrx_word' id='word_1_208' title='bbox 1272 2268 1415 2308; x_wconf 86' lang='lat' dir='ltr'>editur:</span> <span class='ocrx_word' id='word_1_209' title='bbox 1445 2272 1523 2312; x_wconf 77' lang='grc' dir='ltr'>πῶς</span> <span class='ocrx_word' id='word_1_210' title='bbox 1555 2269 1631 2319; x_wconf 70' lang='grc' dir='ltr'>γὰρ</span> 
     </span>
     <span class='ocr_line' id='line_1_30' title="bbox 367 2340 1633 2390; baseline 0.004 -12"><span class='ocrx_word' id='word_1_211' title='bbox 367 2340 443 2390; x_wconf 72' lang='grc' dir='ltr'>ᾔδει</span> <span class='ocrx_word' id='word_1_212' title='bbox 482 2341 512 2379; x_wconf 77' lang='grc' dir='ltr'>εἱ</span> <span class='ocrx_word' id='word_1_213' title='bbox 559 2340 624 2379; x_wconf 72' lang='grc' dir='ltr'>καὶ</span> <span class='ocrx_word' id='word_1_214' title='bbox 669 2343 711 2379; x_wconf 84' lang='grc' dir='ltr'>ἐκ</span> <span class='ocrx_word' id='word_1_215' title='bbox 755 2340 934 2386; x_wconf 73' lang='grc' dir='ltr'><em>Δωδώνης</em></span> <span class='ocrx_word' id='word_1_216' title='bbox 980 2340 1224 2390; x_wconf 78' lang='grc' dir='ltr'><em>ὑποστρέφων</em></span> <span class='ocrx_word' id='word_1_217' title='bbox 1274 2343 1313 2380; x_wconf 81' lang='grc' dir='ltr'>οὐ</span> <span class='ocrx_word' id='word_1_218' title='bbox 1365 2343 1514 2382; x_wconf 79' lang='grc' dir='ltr'><em>πλοΐσει</em></span> <span class='ocrx_word' id='word_1_219' title='bbox 1570 2343 1633 2383; x_wconf 88' lang='lat' dir='ltr'>ubi</span> 
     </span>
     <span class='ocr_line' id='line_1_31' title="bbox 367 2414 1633 2466; baseline 0.003 -14"><span class='ocrx_word' id='word_1_220' title='bbox 367 2427 499 2453; x_wconf 91' lang='lat' dir='ltr'>verum</span> <span class='ocrx_word' id='word_1_221' title='bbox 528 2428 606 2453; x_wconf 87' lang='lat' dir='ltr'>esse</span> <span class='ocrx_word' id='word_1_222' title='bbox 639 2414 889 2454; x_wconf 84' lang='lat' dir='ltr'>ostendimus:</span> <span class='ocrx_word' id='word_1_223' title='bbox 931 2415 1211 2459; x_wconf 78' lang='grc' dir='ltr'><em>εὐπλοήσει.</em></span> <span class='ocrx_word' id='word_1_224' title='bbox 1257 2415 1303 2453; x_wconf 90' lang='lat' dir='ltr'>In</span> <span class='ocrx_word' id='word_1_225' title='bbox 1332 2415 1524 2456; x_wconf 83' lang='lat' dir='ltr'>Plutarchi</span> <span class='ocrx_word' id='word_1_226' title='bbox 1544 2416 1633 2466; x_wconf 69' lang='lat' dir='ltr'>Req.</span> 
     </span>
     <span class='ocr_line' id='line_1_32' title="bbox 368 2487 1634 2538; baseline 0.002 -12"><span class='ocrx_word' id='word_1_227' title='bbox 368 2491 403 2526; x_wconf 75' lang='lat' dir='ltr'>et</span> <span class='ocrx_word' id='word_1_228' title='bbox 431 2487 604 2538; x_wconf 78' lang='lat' dir='ltr'>Imperat.</span> <span class='ocrx_word' id='word_1_229' title='bbox 634 2488 814 2538; x_wconf 76' lang='lat' dir='ltr'>Apophth.</span> <span class='ocrx_word' id='word_1_230' title='bbox 838 2489 1063 2535; x_wconf 76' lang='grc' dir='ltr'><em>Αἰγυπτίων</em></span> <span class='ocrx_word' id='word_1_231' title='bbox 1091 2487 1285 2535; x_wconf 74' lang='grc' dir='ltr'>βασιλέων</span> <span class='ocrx_word' id='word_1_232' title='bbox 1313 2487 1387 2532; x_wconf 83' lang='grc' dir='ltr'><em>ἔθος</em></span> <span class='ocrx_word' id='word_1_233' title='bbox 1419 2489 1530 2528; x_wconf 90' lang='lat' dir='ltr'>miror</span> <span class='ocrx_word' id='word_1_234' title='bbox 1558 2489 1634 2529; x_wconf 84' lang='lat' dir='ltr'>edi-</span> 
     </span>
    </p>
   </div>
  </div>
 </body>
</html>
