<?xml version="1.0" encoding="UTF-8"?>
<!DOCTYPE html PUBLIC "-//W3C//DTD XHTML 1.0 Transitional//EN"
    "http://www.w3.org/TR/xhtml1/DTD/xhtml1-transitional.dtd">
<html xmlns="http://www.w3.org/1999/xhtml" xml:lang="en" lang="en">
 <head>
  <title>
</title>
<meta http-equiv="Content-Type" content="text/html;charset=utf-8" />
  <meta name='ocr-system' content='tesseract 3.04.00' />
  <meta name='ocr-capabilities' content='ocr_page ocr_carea ocr_par ocr_line ocrx_word'/>
</head>
<body>
  <div class='ocr_page' id='page_1' title='image "4737922_0041.png"; bbox 0 0 1937 3075; ppageno 0'>
   <div class='ocr_carea' id='block_1_1' title="bbox 602 868 1403 939">
    <p class='ocr_par' dir='ltr' id='par_1_1' title="bbox 602 868 1403 939">
     <span class='ocr_line' id='line_1_1' title="bbox 602 868 1403 939; baseline -0.004 -9"><span class='ocrx_word' id='word_1_1' title='bbox 602 869 857 930; x_wconf 86' lang='lat' dir='ltr'>CAPUT</span> <span class='ocrx_word' id='word_1_2' title='bbox 909 868 1347 930; x_wconf 83' lang='lat' dir='ltr'>SECUNDUM.</span> <span class='ocrx_word' id='word_1_3' title='bbox 1400 936 1403 939; x_wconf 13' lang='lat' dir='ltr'>v</span> 
     </span>
    </p>
   </div>
   <div class='ocr_carea' id='block_1_2' title="bbox 338 1325 1603 2557">
    <p class='ocr_par' dir='ltr' id='par_1_2' title="bbox 346 1325 1600 1465">
     <span class='ocr_line' id='line_1_2' title="bbox 400 1325 1600 1392; baseline 0.001 -13"><span class='ocrx_word' id='word_1_4' title='bbox 400 1340 488 1379; x_wconf 91' lang='lat' dir='ltr'>Non</span> <span class='ocrx_word' id='word_1_5' title='bbox 516 1339 679 1378; x_wconf 85' lang='lat' dir='ltr'>alienum</span> <span class='ocrx_word' id='word_1_6' title='bbox 714 1338 860 1378; x_wconf 87' lang='lat' dir='ltr'>videtur</span> <span class='ocrx_word' id='word_1_7' title='bbox 896 1352 994 1377; x_wconf 89' lang='lat' dir='ltr'>nunc</span> <span class='ocrx_word' id='word_1_8' title='bbox 1032 1338 1195 1391; x_wconf 88' lang='lat' dir='ltr'>primum</span> <span class='ocrx_word' id='word_1_9' title='bbox 1225 1325 1393 1379; x_wconf 89' lang='lat' dir='ltr'>omnium</span> <span class='ocrx_word' id='word_1_10' title='bbox 1421 1354 1526 1392; x_wconf 85' lang='lat' dir='ltr'>agere</span> <span class='ocrx_word' id='word_1_11' title='bbox 1555 1340 1600 1380; x_wconf 89' lang='lat' dir='ltr'>de</span> 
     </span>
     <span class='ocr_line' id='line_1_3' title="bbox 346 1410 1467 1465; baseline -0.001 -13"><span class='ocrx_word' id='word_1_12' title='bbox 346 1412 527 1453; x_wconf 84' lang='lat' dir='ltr'>erroribus</span> <span class='ocrx_word' id='word_1_13' title='bbox 555 1412 645 1451; x_wconf 84' lang='lat' dir='ltr'>ortis</span> <span class='ocrx_word' id='word_1_14' title='bbox 677 1426 719 1451; x_wconf 88' lang='lat' dir='ltr'>ex</span> <span class='ocrx_word' id='word_1_15' title='bbox 750 1411 885 1450; x_wconf 84' lang='lat' dir='ltr'>vitiosa</span> <span class='ocrx_word' id='word_1_16' title='bbox 912 1410 1125 1463; x_wconf 90' lang='lat' dir='ltr'>sequiorum</span> <span class='ocrx_word' id='word_1_17' title='bbox 1153 1412 1467 1465; x_wconf 81' lang='lat' dir='ltr'><strong>pronuntiatione.</strong></span> 
     </span>
    </p>

    <p class='ocr_par' dir='ltr' id='par_1_3' title="bbox 338 1484 1603 2557">
     <span class='ocr_line' id='line_1_4' title="bbox 403 1484 1603 1539; baseline 0 -13"><span class='ocrx_word' id='word_1_18' title='bbox 403 1486 556 1526; x_wconf 82' lang='lat' dir='ltr'>Vocales</span> <span class='ocrx_word' id='word_1_19' title='bbox 593 1490 630 1525; x_wconf 83' lang='lat' dir='ltr'>et</span> <span class='ocrx_word' id='word_1_20' title='bbox 665 1485 887 1539; x_wconf 78' lang='lat' dir='ltr'>diphthongi</span> <span class='ocrx_word' id='word_1_21' title='bbox 925 1484 1068 1534; x_wconf 85' lang='lat' dir='ltr'>affines,</span> <span class='ocrx_word' id='word_1_22' title='bbox 1098 1499 1191 1537; x_wconf 85' lang='lat' dir='ltr'>quae</span> <span class='ocrx_word' id='word_1_23' title='bbox 1220 1485 1427 1537; x_wconf 86' lang='lat' dir='ltr'>antiquitus</span> <span class='ocrx_word' id='word_1_24' title='bbox 1455 1486 1603 1526; x_wconf 86' lang='lat' dir='ltr'>diverso</span> 
     </span>
     <span class='ocr_line' id='line_1_5' title="bbox 345 1558 1584 1612; baseline 0 -14"><span class='ocrx_word' id='word_1_25' title='bbox 345 1574 438 1598; x_wconf 87' lang='lat' dir='ltr'>sono</span> <span class='ocrx_word' id='word_1_26' title='bbox 475 1560 732 1607; x_wconf 83' lang='lat' dir='ltr'>efferebantur,</span> <span class='ocrx_word' id='word_1_27' title='bbox 774 1558 929 1611; x_wconf 85' lang='lat' dir='ltr'>posteris</span> <span class='ocrx_word' id='word_1_28' title='bbox 966 1558 1194 1610; x_wconf 73' lang='lat' dir='ltr'>temporibus</span> <span class='ocrx_word' id='word_1_29' title='bbox 1232 1558 1270 1597; x_wconf 89' lang='lat' dir='ltr'>in</span> <span class='ocrx_word' id='word_1_30' title='bbox 1310 1559 1498 1612; x_wconf 87' lang='lat' dir='ltr'>communi</span> <span class='ocrx_word' id='word_1_31' title='bbox 1530 1560 1584 1598; x_wconf 88' lang='lat' dir='ltr'>lin</span> 
     </span>
     <span class='ocr_line' id='line_1_6' title="bbox 343 1631 1597 1685; baseline 0 -14"><span class='ocrx_word' id='word_1_32' title='bbox 343 1646 438 1685; x_wconf 82' lang='lat' dir='ltr'>guae</span> <span class='ocrx_word' id='word_1_33' title='bbox 475 1633 682 1684; x_wconf 79' lang='lat' dir='ltr'>corruptela</span> <span class='ocrx_word' id='word_1_34' title='bbox 715 1631 945 1684; x_wconf 81' lang='lat' dir='ltr'>negligenter</span> <span class='ocrx_word' id='word_1_35' title='bbox 982 1631 1079 1669; x_wconf 88' lang='lat' dir='ltr'>inter</span> <span class='ocrx_word' id='word_1_36' title='bbox 1115 1644 1153 1669; x_wconf 88' lang='lat' dir='ltr'>se</span> <span class='ocrx_word' id='word_1_37' title='bbox 1195 1631 1374 1670; x_wconf 83' lang='lat' dir='ltr'>confundi</span> <span class='ocrx_word' id='word_1_38' title='bbox 1410 1632 1597 1681; x_wconf 80' lang='lat' dir='ltr'>solebant,</span> 
     </span>
     <span class='ocr_line' id='line_1_7' title="bbox 343 1702 1600 1756; baseline 0 -13"><span class='ocrx_word' id='word_1_39' title='bbox 343 1704 459 1743; x_wconf 83' lang='lat' dir='ltr'>donec</span> <span class='ocrx_word' id='word_1_40' title='bbox 497 1704 596 1742; x_wconf 92' lang='lat' dir='ltr'>omni</span> <span class='ocrx_word' id='word_1_41' title='bbox 633 1704 781 1742; x_wconf 87' lang='lat' dir='ltr'>taudem</span> <span class='ocrx_word' id='word_1_42' title='bbox 815 1703 1027 1742; x_wconf 88' lang='lat' dir='ltr'>discrimine</span> <span class='ocrx_word' id='word_1_43' title='bbox 1060 1702 1205 1741; x_wconf 79' lang='lat' dir='ltr'>sublato</span> <span class='ocrx_word' id='word_1_44' title='bbox 1243 1702 1413 1742; x_wconf 84' lang='lat' dir='ltr'>evaderet</span> <span class='ocrx_word' id='word_1_45' title='bbox 1453 1703 1600 1756; x_wconf 83' lang='lat' dir='ltr'>ingrata</span> 
     </span>
     <span class='ocr_line' id='line_1_8' title="bbox 342 1775 1600 1828; baseline 0 -13"><span class='ocrx_word' id='word_1_46' title='bbox 342 1777 413 1815; x_wconf 86' lang='lat' dir='ltr'>ista</span> <span class='ocrx_word' id='word_1_47' title='bbox 441 1776 637 1824; x_wconf 69' lang='grc' dir='ltr'><em>μονοτσνίοε</em></span> <span class='ocrx_word' id='word_1_48' title='bbox 674 1790 768 1828; x_wconf 82' lang='lat' dir='ltr'>quae</span> <span class='ocrx_word' id='word_1_49' title='bbox 806 1789 911 1814; x_wconf 84' lang='lat' dir='ltr'>aures</span> <span class='ocrx_word' id='word_1_50' title='bbox 943 1779 1086 1813; x_wconf 85' lang='lat' dir='ltr'>nostras</span> <span class='ocrx_word' id='word_1_51' title='bbox 1115 1779 1191 1813; x_wconf 87' lang='lat' dir='ltr'>tam</span> <span class='ocrx_word' id='word_1_52' title='bbox 1223 1775 1457 1815; x_wconf 83' lang='lat' dir='ltr'>vehementer</span> <span class='ocrx_word' id='word_1_53' title='bbox 1484 1777 1600 1815; x_wconf 87' lang='lat' dir='ltr'>offen-</span> 
     </span>
     <span class='ocr_line' id='line_1_9' title="bbox 343 1847 1599 1901; baseline 0.001 -14"><span class='ocrx_word' id='word_1_54' title='bbox 343 1849 399 1887; x_wconf 89' lang='lat' dir='ltr'>dit</span> <span class='ocrx_word' id='word_1_55' title='bbox 435 1849 473 1887; x_wconf 94' lang='lat' dir='ltr'>in</span> <span class='ocrx_word' id='word_1_56' title='bbox 512 1849 709 1901; x_wconf 83' lang='lat' dir='ltr'>depravata</span> <span class='ocrx_word' id='word_1_57' title='bbox 743 1848 900 1887; x_wconf 83' lang='lat' dir='ltr'>dialecto</span> <span class='ocrx_word' id='word_1_58' title='bbox 937 1850 1009 1885; x_wconf 77' lang='grc' dir='ltr'>τῶν</span> <span class='ocrx_word' id='word_1_59' title='bbox 1040 1848 1327 1893; x_wconf 71' lang='grc' dir='ltr'><em>νῦνΈλλήνων.</em></span> <span class='ocrx_word' id='word_1_60' title='bbox 1385 1847 1439 1887; x_wconf 91' lang='lat' dir='ltr'>Ut</span> <span class='ocrx_word' id='word_1_61' title='bbox 1474 1848 1599 1900; x_wconf 91' lang='lat' dir='ltr'>loque·</span> 
     </span>
     <span class='ocr_line' id='line_1_10' title="bbox 341 1911 1599 1962; baseline 0.002 -2"><span class='ocrx_word' id='word_1_62' title='bbox 341 1911 475 1961; x_wconf 86' lang='lat' dir='ltr'>bantur</span> <span class='ocrx_word' id='word_1_63' title='bbox 502 1921 676 1960; x_wconf 83' lang='lat' dir='ltr'>Graeculi</span> <span class='ocrx_word' id='word_1_64' title='bbox 700 1921 753 1960; x_wconf 85' lang='lat' dir='ltr'>ita</span> <span class='ocrx_word' id='word_1_65' title='bbox 777 1919 998 1960; x_wconf 83' lang='lat' dir='ltr'>scribebant.</span> <span class='ocrx_word' id='word_1_66' title='bbox 1040 1920 1142 1959; x_wconf 89' lang='lat' dir='ltr'>Hinc</span> <span class='ocrx_word' id='word_1_67' title='bbox 1167 1934 1293 1960; x_wconf 85' lang='lat' dir='ltr'>omnes</span> <span class='ocrx_word' id='word_1_68' title='bbox 1317 1920 1472 1960; x_wconf 84' lang='lat' dir='ltr'>Codices</span> <span class='ocrx_word' id='word_1_69' title='bbox 1491 1921 1599 1962; x_wconf 89' lang='lat' dir='ltr'><strong>MSS.</strong></span> 
     </span>
     <span class='ocr_line' id='line_1_11' title="bbox 341 1994 1597 2047; baseline 0 -14"><span class='ocrx_word' id='word_1_70' title='bbox 341 1996 406 2047; x_wconf 91' lang='lat' dir='ltr'>qui</span> <span class='ocrx_word' id='word_1_71' title='bbox 443 1999 641 2047; x_wconf 85' lang='lat' dir='ltr'>supersunt</span> <span class='ocrx_word' id='word_1_72' title='bbox 669 1994 912 2033; x_wconf 82' lang='lat' dir='ltr'>vetustissimi</span> <span class='ocrx_word' id='word_1_73' title='bbox 944 1994 1185 2033; x_wconf 77' lang='lat' dir='ltr'>recentissimi</span> <span class='ocrx_word' id='word_1_74' title='bbox 1220 1994 1404 2033; x_wconf 84' lang='lat' dir='ltr'>fluctuant</span> <span class='ocrx_word' id='word_1_75' title='bbox 1433 1994 1531 2033; x_wconf 90' lang='lat' dir='ltr'>inter</span> <span class='ocrx_word' id='word_1_76' title='bbox 1558 2009 1597 2033; x_wconf 73' lang='grc' dir='ltr'>αι</span> 
     </span>
     <span class='ocr_line' id='line_1_12' title="bbox 340 2062 1600 2119; baseline 0.001 -13"><span class='ocrx_word' id='word_1_77' title='bbox 340 2062 422 2106; x_wconf 67' lang='lat' dir='ltr'>ets</span> <span class='ocrx_word' id='word_1_78' title='bbox 458 2072 495 2106; x_wconf 86' lang='lat' dir='ltr'>et</span> <span class='ocrx_word' id='word_1_79' title='bbox 530 2068 626 2106; x_wconf 84' lang='lat' dir='ltr'>inter</span> <span class='ocrx_word' id='word_1_80' title='bbox 662 2083 706 2112; x_wconf 68' lang='grc' dir='ltr'>η,</span> <span class='ocrx_word' id='word_1_81' title='bbox 745 2083 775 2111; x_wconf 78' lang='grc' dir='ltr'>ι,</span> <span class='ocrx_word' id='word_1_82' title='bbox 816 2082 846 2106; x_wconf 84' lang='grc' dir='ltr'>ει</span> <span class='ocrx_word' id='word_1_83' title='bbox 865 2069 961 2119; x_wconf 71' lang='lat' dir='ltr'>(tet),</span> <span class='ocrx_word' id='word_1_84' title='bbox 1001 2082 1041 2110; x_wconf 84' lang='grc' dir='ltr'>υ,</span> <span class='ocrx_word' id='word_1_85' title='bbox 1082 2082 1111 2106; x_wconf 86' lang='grc' dir='ltr'>οι</span> <span class='ocrx_word' id='word_1_86' title='bbox 1149 2081 1268 2118; x_wconf 88' lang='lat' dir='ltr'>neque</span> <span class='ocrx_word' id='word_1_87' title='bbox 1306 2068 1509 2119; x_wconf 88' lang='lat' dir='ltr'>quidquam</span> <span class='ocrx_word' id='word_1_88' title='bbox 1544 2074 1600 2108; x_wconf 87' lang='lat' dir='ltr'>est</span> 
     </span>
     <span class='ocr_line' id='line_1_13' title="bbox 339 2141 1597 2193; baseline 0.001 -13"><span class='ocrx_word' id='word_1_89' title='bbox 339 2145 415 2180; x_wconf 87' lang='lat' dir='ltr'>tam</span> <span class='ocrx_word' id='word_1_90' title='bbox 458 2142 658 2180; x_wconf 88' lang='lat' dir='ltr'>ridiculum</span> <span class='ocrx_word' id='word_1_91' title='bbox 706 2155 816 2193; x_wconf 87' lang='lat' dir='ltr'>quam</span> <span class='ocrx_word' id='word_1_92' title='bbox 861 2142 900 2180; x_wconf 90' lang='lat' dir='ltr'>in</span> <span class='ocrx_word' id='word_1_93' title='bbox 942 2141 1076 2180; x_wconf 86' lang='lat' dir='ltr'>talibus</span> <span class='ocrx_word' id='word_1_94' title='bbox 1117 2141 1296 2180; x_wconf 90' lang='lat' dir='ltr'>librorum</span> <span class='ocrx_word' id='word_1_95' title='bbox 1338 2143 1597 2181; x_wconf 80' lang='lat' dir='ltr'>auctoritatem</span> 
     </span>
     <span class='ocr_line' id='line_1_14' title="bbox 339 2214 1597 2267; baseline 0.002 -15"><span class='ocrx_word' id='word_1_96' title='bbox 339 2214 524 2267; x_wconf 83' lang='lat' dir='ltr'>suspicere</span> <span class='ocrx_word' id='word_1_97' title='bbox 550 2215 591 2253; x_wconf 92' lang='lat' dir='ltr'>in</span> <span class='ocrx_word' id='word_1_98' title='bbox 630 2214 765 2265; x_wconf 88' lang='lat' dir='ltr'>quibus</span> <span class='ocrx_word' id='word_1_99' title='bbox 794 2214 886 2252; x_wconf 84' lang='lat' dir='ltr'>nihil</span> <span class='ocrx_word' id='word_1_100' title='bbox 915 2218 972 2252; x_wconf 89' lang='lat' dir='ltr'>est</span> <span class='ocrx_word' id='word_1_101' title='bbox 1000 2214 1198 2266; x_wconf 80' lang='lat' dir='ltr'>praesidii3</span> <span class='ocrx_word' id='word_1_102' title='bbox 1240 2214 1355 2252; x_wconf 87' lang='lat' dir='ltr'>multo</span> <span class='ocrx_word' id='word_1_103' title='bbox 1389 2215 1508 2266; x_wconf 85' lang='lat' dir='ltr'>magis</span> <span class='ocrx_word' id='word_1_104' title='bbox 1536 2229 1597 2267; x_wconf 86' lang='lat' dir='ltr'>pe·</span> 
     </span>
     <span class='ocr_line' id='line_1_15' title="bbox 339 2285 1597 2338; baseline 0.002 -14"><span class='ocrx_word' id='word_1_105' title='bbox 339 2300 403 2326; x_wconf 87' lang='lat' dir='ltr'>nes</span> <span class='ocrx_word' id='word_1_106' title='bbox 434 2286 591 2325; x_wconf 85' lang='lat' dir='ltr'>editores</span> <span class='ocrx_word' id='word_1_107' title='bbox 619 2290 676 2326; x_wconf 87' lang='lat' dir='ltr'>est</span> <span class='ocrx_word' id='word_1_108' title='bbox 700 2286 886 2338; x_wconf 89' lang='lat' dir='ltr'>quomodo</span> <span class='ocrx_word' id='word_1_109' title='bbox 912 2285 1086 2338; x_wconf 88' lang='lat' dir='ltr'>quodque</span> <span class='ocrx_word' id='word_1_110' title='bbox 1115 2285 1335 2325; x_wconf 84' lang='lat' dir='ltr'>vocabulum</span> <span class='ocrx_word' id='word_1_111' title='bbox 1364 2286 1597 2327; x_wconf 85' lang='lat' dir='ltr'>scribendum</span> 
     </span>
     <span class='ocr_line' id='line_1_16' title="bbox 338 2358 1597 2410; baseline 0 -12"><span class='ocrx_word' id='word_1_112' title='bbox 338 2360 388 2398; x_wconf 86' lang='lat' dir='ltr'>sit</span> <span class='ocrx_word' id='word_1_113' title='bbox 416 2373 461 2398; x_wconf 83' lang='lat' dir='ltr'>ex</span> <span class='ocrx_word' id='word_1_114' title='bbox 490 2359 670 2410; x_wconf 87' lang='lat' dir='ltr'>cuiusque</span> <span class='ocrx_word' id='word_1_115' title='bbox 703 2359 775 2398; x_wconf 92' lang='lat' dir='ltr'>loci</span> <span class='ocrx_word' id='word_1_116' title='bbox 804 2359 986 2397; x_wconf 84' lang='lat' dir='ltr'>sententia</span> <span class='ocrx_word' id='word_1_117' title='bbox 1015 2363 1053 2398; x_wconf 85' lang='lat' dir='ltr'>et</span> <span class='ocrx_word' id='word_1_118' title='bbox 1089 2363 1187 2397; x_wconf 86' lang='lat' dir='ltr'>certa</span> <span class='ocrx_word' id='word_1_119' title='bbox 1223 2358 1446 2398; x_wconf 82' lang='lat' dir='ltr'>Graecitatis</span> <span class='ocrx_word' id='word_1_120' title='bbox 1474 2360 1597 2399; x_wconf 87' lang='lat' dir='ltr'>analo-</span> 
     </span>
     <span class='ocr_line' id='line_1_17' title="bbox 338 2431 1596 2484; baseline 0 -13"><span class='ocrx_word' id='word_1_121' title='bbox 338 2432 398 2484; x_wconf 83' lang='lat' dir='ltr'>gia</span> <span class='ocrx_word' id='word_1_122' title='bbox 426 2436 596 2471; x_wconf 86' lang='lat' dir='ltr'>accurate</span> <span class='ocrx_word' id='word_1_123' title='bbox 625 2431 791 2472; x_wconf 87' lang='lat' dir='ltr'>definire.</span> <span class='ocrx_word' id='word_1_124' title='bbox 833 2431 968 2483; x_wconf 85' lang='lat' dir='ltr'>Neque</span> <span class='ocrx_word' id='word_1_125' title='bbox 996 2445 1053 2470; x_wconf 90' lang='lat' dir='ltr'>res</span> <span class='ocrx_word' id='word_1_126' title='bbox 1076 2435 1135 2470; x_wconf 85' lang='lat' dir='ltr'>est</span> <span class='ocrx_word' id='word_1_127' title='bbox 1164 2432 1254 2471; x_wconf 83' lang='lat' dir='ltr'>adeo</span> <span class='ocrx_word' id='word_1_128' title='bbox 1284 2432 1462 2480; x_wconf 84' lang='lat' dir='ltr'>difficilis,</span> <span class='ocrx_word' id='word_1_129' title='bbox 1491 2433 1596 2472; x_wconf 89' lang='lat' dir='ltr'>dum·</span> 
     </span>
     <span class='ocr_line' id='line_1_18' title="bbox 338 2504 1595 2557; baseline 0.002 -15"><span class='ocrx_word' id='word_1_130' title='bbox 338 2504 448 2543; x_wconf 89' lang='lat' dir='ltr'>modo</span> <span class='ocrx_word' id='word_1_131' title='bbox 490 2504 590 2542; x_wconf 88' lang='lat' dir='ltr'>omni</span> <span class='ocrx_word' id='word_1_132' title='bbox 629 2504 895 2556; x_wconf 82' lang='lat' dir='ltr'>superstitione</span> <span class='ocrx_word' id='word_1_133' title='bbox 923 2518 1059 2543; x_wconf 79' lang='lat' dir='ltr'>vacuus</span> <span class='ocrx_word' id='word_1_134' title='bbox 1088 2504 1137 2542; x_wconf 80' lang='lat' dir='ltr'>sit</span> <span class='ocrx_word' id='word_1_135' title='bbox 1164 2505 1308 2543; x_wconf 85' lang='lat' dir='ltr'>animus</span> <span class='ocrx_word' id='word_1_136' title='bbox 1336 2509 1372 2543; x_wconf 87' lang='lat' dir='ltr'>et</span> <span class='ocrx_word' id='word_1_137' title='bbox 1400 2504 1469 2542; x_wconf 91' lang='lat' dir='ltr'>hoc</span> <span class='ocrx_word' id='word_1_138' title='bbox 1497 2511 1595 2557; x_wconf 83' lang='lat' dir='ltr'>agat.</span> 
     </span>
    </p>
   </div>
  </div>
 </body>
</html>
