1937 3075
615 837 871 896 CAPUT
923 836 1347 896 SEPTIMUM.

405 1302 606 1353 Reliquum
635 1306 689 1341 est
719 1306 762 1341 ut
785 1315 939 1354 agamus
959 1302 1004 1341 de
1023 1302 1292 1355 insignioribus
1321 1304 1509 1343 nonnullis
1532 1308 1611 1343 tum
1644 1334 1646 1337 -

352 1375 584 1427 singularum
621 1375 846 1427 syllabarum
889 1378 970 1413 tum
1009 1375 1234 1427 integrarum
1271 1390 1404 1415 vocum
1443 1390 1612 1429 compen-

353 1449 438 1488 diis.
495 1448 552 1487 De
589 1448 877 1501 insignioribus,
916 1448 1090 1499 inquam,
1119 1463 1206 1488 nam
1235 1453 1353 1488 totam
1381 1450 1477 1489 hanc
1511 1450 1612 1489 inex-

352 1521 524 1562 haustam
559 1521 751 1561 materiam
785 1526 871 1574 post
904 1521 1171 1562 intentissimas
1200 1522 1319 1561 Bastii
1348 1536 1453 1575 curas
1482 1527 1615 1562 retrac-

354 1598 433 1634 tare
472 1608 547 1633 non
583 1594 732 1633 iuvenis
770 1599 826 1633 est
865 1595 928 1634 sed
961 1595 1041 1634 eius
1074 1595 1138 1645 qui
1174 1595 1252 1647 ipse
1294 1595 1430 1634 multos
1462 1596 1617 1635 Codices

358 1668 434 1707 suis
477 1667 594 1706 oculis
638 1668 869 1720 usurpaverit
912 1668 1132 1719 assiduaque
1171 1668 1331 1707 lectione
1374 1682 1457 1707 cum
1502 1669 1618 1707 totius

360 1740 585 1780 Graecitatis
618 1739 860 1792 scriptoribus
903 1740 1071 1778 intimam
1110 1741 1333 1779 contraxerit
1371 1740 1544 1780 notitiam
1584 1745 1621 1780 et

363 1814 662 1852 familiaritatem.
708 1813 864 1852 Accedit
890 1813 991 1864 quod
1015 1813 1192 1865 plurimae
1216 1813 1493 1853 observationes
1520 1813 1621 1853 lucu-

362 1887 480 1926 lenter
509 1886 674 1926 exhiberi
703 1891 891 1938 nequeunt
920 1886 994 1924 nisi
1024 1886 1135 1925 variis
1164 1886 1301 1925 additis
1329 1886 1469 1938 figuris.
1518 1887 1624 1936 Quae

366 1974 449 1998 cum
487 1960 540 1997 ita
579 1960 672 2007 sint,
712 1973 821 2010 quam
853 1958 982 1997 vellem
1021 1958 1223 2010 aliquando
1261 1959 1354 1997 mihi
1391 1959 1538 1998 daretur
1580 1972 1625 1999 ex

368 2033 521 2085 optimis
554 2032 660 2071 libris
693 2032 822 2079 MSS„
859 2032 923 2081 qui
963 2032 1002 2069 in
1037 2031 1210 2083 Europae
1246 2032 1489 2070 Bibliothecis
1515 2045 1626 2070 asser-

368 2109 525 2154 vantur,
561 2119 604 2144 ea
641 2104 764 2144 omnia
800 2108 1029 2156 comportare.
1067 2118 1160 2155 quae
1195 2104 1241 2143 ad
1279 2104 1454 2143 Graecam
1484 2104 1627 2156 palaeo-

370 2178 563 2231 graphiam
593 2178 664 2216 rite
692 2177 951 2229 perficiendam
975 2176 1226 2228 requiruntur.
1285 2175 1412 2226 Quod,
1441 2176 1528 2216 licet
1558 2190 1629 2216 me·

372 2253 445 2290 rito
480 2251 661 2290 habeatur
698 2264 755 2289 res
793 2250 985 2301 quantivis
1023 2250 1131 2288 molis
1170 2255 1206 2288 et
1235 2249 1398 2301 negotii,
1436 2250 1528 2301 quid
1556 2264 1630 2288 non

373 2324 472 2363 bono
502 2323 625 2362 animo
658 2322 955 2375 suscipiendum,
990 2321 1081 2374 quid
1119 2335 1192 2360 non
1222 2322 1370 2361 fortiter
1398 2322 1630 2372 audendum,

375 2396 439 2436 ubi
461 2410 500 2435 re
528 2395 668 2447 experti
697 2396 868 2434 novimus
897 2395 1078 2442 iuniores,
1109 2394 1235 2434 adesse
1263 2395 1329 2445 qui
1349 2395 1511 2446 pericula
1534 2395 1634 2434 iuve-

378 2469 470 2508 nilia
498 2482 565 2521 pro
594 2481 736 2507 summa
766 2482 833 2507 sua
860 2467 1110 2507 benivolentia
1134 2471 1171 2506 et
1197 2467 1387 2507 doctrinae
1410 2468 1516 2519 copia
1539 2468 1636 2507 salu-
