1937 3075
1018 213 1069 252 38

413 344 583 384 tiendum
625 344 725 396 quod
759 343 890 384 Cicero
926 345 967 384 in
1005 345 1172 384 oratione
1205 358 1273 397 pro
1309 344 1390 397 lege
1427 343 1584 382 Manilia
1621 343 1667 383 de

410 417 716 470 imperatoribus:
748 432 899 466 'sverum
924 422 1046 458 tamen
1069 418 1149 457 laus
1171 418 1248 457 illis
1270 421 1325 457 est
1349 416 1544 456 tribuenda
1567 416 1666 468 quod

409 494 582 542 egerunt3
612 491 721 530 venia
749 491 871 530 danda
899 491 996 543 quod
1025 490 1290 541 reliquerunt”.

464 562 649 602 Palmaria
684 564 940 603 emendatione
978 568 1163 602 correctus
1199 567 1254 601 est
1292 562 1396 601 locus
1424 562 1462 601 in
1492 561 1665 614 Aeschyli

409 634 650 687 Supplicibus
680 636 742 687 (cf.
771 636 884 675 Dind.
914 635 1076 674 Praefat.
1106 634 1195 674 edit.
1224 634 1449 673 Oxoniensis
1471 636 1519 685 (a.
1546 636 1664 686 1851)

406 722 444 759 p.
473 706 684 760 XXVIII).
728 708 889 747 Exhibet
917 708 1033 747 codex
1061 708 1197 747 unicus
1224 707 1416 746 Mediceus
1445 721 1480 746 v.
1510 708 1609 746 254:

598 817 663 858 καὶ
694 819 827 858 πᾶσαν
857 816 1025 863 αἵδνης
1056 816 1215 865 διάλγος
1245 815 1402 865 ἔρχεται

599 892 805 940 Στρυμὼν,
836 888 878 930 τὸ
909 891 998 940 πρὸς
1029 890 1196 933 δύνοντος
1226 890 1331 935 ἡλίου
1362 892 1499 938 κρατῶ.

458 1002 533 1040 Pro
571 1001 701 1047 αἵδνης
741 1016 786 1041 ex
820 1002 956 1041 unciali
995 1003 1178 1054 scriptura
1220 1003 1422 1041 eruendum
1461 1001 1663 1041 AIANHC

403 1073 429 1114 i.
449 1087 482 1114 e.
512 1072 602 1114 αἷσιν
635 1070 690 1119 ἧς.
749 1074 946 1114 Praeterea
980 1074 1140 1126 Bidnyoq
1177 1079 1383 1114 monstrum
1420 1089 1499 1114 esse
1535 1079 1664 1114 natum

397 1145 451 1186 *ex
480 1147 671 1186 vocabulis
701 1148 756 1187 δι’
775 1147 929 1194 ἁγνὸς
966 1147 1094 1200 ligatis
1130 1148 1247 1186 literis
1283 1147 1438 1186 exaratis
1472 1148 1533 1199 (cf.
1563 1147 1664 1188 Pers.

404 1233 440 1259 v.
469 1220 566 1271 497)
603 1224 711 1259 acute
750 1221 847 1259 vidit
876 1220 1189 1259 Wordsworthus.
1247 1220 1343 1259 Vide
1379 1234 1526 1271 quoque
1559 1221 1666 1260 Stan-

404 1291 519 1330 leium
550 1292 595 1331 ad
624 1292 750 1345 Suppl.
780 1307 817 1332 v.
849 1295 940 1333 683.

462 1364 616 1403 Editum
654 1379 731 1404 esse
766 1366 865 1417 apud
902 1366 1105 1405 Diodorum
1137 1367 1172 1403 ἐν
1206 1365 1340 1404 Αὐλίδι
1369 1379 1437 1417 pro
1470 1366 1505 1403 ἐν
1542 1365 1666 1415 Λυδίᾳ

407 1436 554 1489 egregie
587 1436 755 1477 observat
785 1437 983 1477 Piersonus
1013 1439 1213 1490 (ΛΤΔΙΛΙ
1231 1461 1284 1468 -
1304 1439 1517 1490 ΑΤΛΙΔΙ).

466 1510 575 1562 Apud
605 1510 717 1550 Dion.
747 1510 914 1551 Cassium
946 1512 1044 1563 (Lib.
1075 1514 1146 1561 48,
1176 1526 1212 1564 p.
1243 1513 1337 1563 382)
1367 1512 1405 1550 in
1434 1511 1537 1551 libris
1565 1515 1640 1551 est:

504 1613 655 1661 ἐγένετο
684 1615 754 1662 μὲν
785 1615 848 1653 καὶ
881 1615 1073 1664 ἐνιαυρίοις
1102 1621 1180 1660 τοῖς
1212 1616 1399 1664 παρθίνοις
1429 1616 1585 1662 κίνησις.

465 1724 542 1763 Alii
580 1724 688 1763 aliter
715 1724 838 1764 locum
872 1728 1064 1763 tentarunt
1101 1725 1165 1764 sed
1203 1726 1319 1777 ipsam
1350 1726 1483 1765 Dionis
1520 1739 1670 1764 manum

411 1796 579 1836 restituit
607 1796 774 1849 Heringa
809 1803 933 1836 noster
967 1798 1192 1837 correctione
1231 1803 1306 1837 tam
1340 1799 1440 1837 facili
1476 1813 1585 1850 quam
1615 1799 1671 1837 in-

411 1869 561 1923 geniosa
577 1870 620 1922 ¹).
665 1869 792 1909 Unum
818 1870 1044 1910 vocabulum
1082 1870 1122 1910 in
1150 1871 1222 1911 duo
1255 1886 1440 1925 separasse
1473 1872 1671 1913 suffecerit.

413 1944 561 1996 Nempe
585 1943 631 1981 ἐν
660 1944 896 1995 Ἰλ(λ)υρίο
911 1959 921 1983 ι
936 1959 952 1988 ς
975 1946 1006 1996 2)
1032 1949 1109 1986 τοῖς
1129 1944 1322 1993 Παρθίνοις
1343 1945 1485 1992 κίνησις
1506 1945 1669 1994 ἐγένετο.

468 2018 644 2058 Feliciter
671 2032 789 2071 nuper
816 2018 978 2071 aequalis
1014 2031 1120 2058 meus
1156 2018 1270 2058 Polak
1306 2019 1458 2059 eandem
1496 2019 1570 2058 sere
1598 2033 1672 2058 me-

417 2091 579 2130 dicinam
607 2091 779 2131 adhibuit
809 2091 932 2131 Schol.
962 2092 1008 2131 ad
1034 2091 1166 2145 Odyss.
1197 2092 1253 2141 H,
1285 2094 1376 2132 318.
1434 2091 1590 2141 Quaerit
1619 2089 1672 2136 εἷς

416 2168 489 2204 τῶν
533 2165 785 2213 ἔνο-τοπικῶν,
831 2169 874 2204 ut
920 2165 1090 2216 pluribus
1122 2166 1206 2204 aliis
1238 2166 1350 2213 locis,
1389 2179 1453 2204 cur
1491 2166 1674 2204 Phaeaces

461 2338 485 2379 ¹)
519 2335 681 2379 Heringa,
704 2336 800 2370 Obss.
824 2336 905 2369 Crit.
928 2336 1006 2380 cap.
1029 2336 1076 2370 11.

461 2394 487 2438 ²)
510 2392 625 2428 Litera
653 2399 678 2429 λ
704 2394 738 2428 in
767 2393 859 2429 libris
888 2393 1075 2438 saepissime
1107 2392 1245 2438 simplex
1277 2394 1416 2429 occurrit
1449 2406 1508 2439 pro
1535 2393 1674 2439 duplici,

417 2453 539 2498 duplex
560 2465 618 2498 pro
642 2454 792 2499 simplici.
837 2454 929 2487 Idem
952 2452 1142 2487 observatur
1163 2452 1197 2484 in
1221 2465 1245 2494 ρ.
