1937 3075
943 259 994 295 45

342 400 522 425 summam
551 385 812 432 πειθοινοὶγκην
841 385 952 424 habet
979 385 1185 423 emendatio
1213 384 1378 423 Elmsleii
1412 384 1466 435 (in
1496 385 1596 424 Mus.

341 458 569 510 Cantabrig.)
613 458 804 505 ἕΓεγήόει.
878 457 990 506 Quod
1038 457 1136 495 idem
1176 457 1313 508 reperit
1354 457 1449 496 Cob.
1495 456 1597 507 (Var.

340 529 444 570 Lect.
493 545 530 582 p.
573 531 679 581 103).
747 528 847 568 Nam
894 528 1097 580 praesentis
1143 532 1181 567 et
1225 528 1432 580 imperfecti
1481 529 1599 568 forma

340 602 453 641 huius
502 602 604 640 verbi
653 600 753 653 apud
799 600 948 639 Atticos
996 614 1071 638 non
1123 600 1283 638 occurrit
1321 602 1366 650 1).
1440 601 1600 640 Dubitat

340 673 558 712 Dindorfius
597 673 774 724 (Praefat.
811 672 901 712 edit.
942 672 1081 723 quint.)
1124 672 1184 711 cui
1227 672 1444 723 scrupulum
1478 672 1601 711 iniicit

339 744 502 798 Choeph.
534 745 630 785 772:

559 836 702 886 ἄνωχθ’
722 834 804 876 ὅσον
833 836 1014 886 τάχιστοι
1044 835 1210 886 γηθούσῃ
1238 836 1345 885 φρενὶ

340 962 436 999 quae
464 948 574 988 lectio
608 952 732 987 tamen
761 948 863 988 valde
891 948 1033 987 incerta
1060 948 1217 988 videtur.

394 1021 516 1061 Facile
544 1027 580 1059 Π
610 1020 775 1060 nascitur
801 1035 846 1061 cx
874 1026 944 1065 ΓΙ,
977 1026 1033 1060 TI
1060 1021 1142 1060 viee
1171 1035 1276 1060 versa
1312 1021 1344 1060 si
1376 1021 1443 1060 hae
1473 1021 1599 1060 literae

337 1107 411 1133 non
440 1094 538 1133 iusto
567 1094 761 1134 intervallo
791 1098 1019 1146 separantur.

395 1167 516 1216 Quale
544 1171 599 1206 est
627 1167 760 1206 vitium
789 1167 889 1218 quod
917 1166 1092 1206 turbabat
1119 1166 1209 1205 olim
1241 1166 1363 1205 Iocum
1393 1167 1598 1206 Pausaniae

340 1239 442 1290 (Lib.
472 1240 559 1286 111,
588 1241 681 1291 Cap.
719 1242 780 1290 14)
809 1240 875 1278 ubi
901 1240 1070 1291 Heringa
1098 1243 1221 1278 noster
1250 1254 1294 1278 ex
1322 1239 1457 1278 vitiosa
1483 1240 1597 1292 serip-

335 1316 420 1352 tura
449 1316 757 1361 ΕΝΑΠΑΔΩΝ
787 1312 896 1352 docte
924 1312 1055 1352 elicuit
1079 1312 1115 1351 ἐν
1139 1312 1329 1360 Ἀγιαδῶν
1352 1311 1474 1364 (Obss.
1502 1312 1595 1353 Crit.

336 1399 374 1437 p.
410 1386 518 1436 201).
577 1386 674 1425 Vide
703 1385 934 1437 Hesychium
964 1385 1004 1423 in
1031 1399 1133 1424 voce.

392 1457 560 1497 Similem
589 1472 746 1497 errorem
775 1458 1016 1510 deprehendit
1044 1472 1201 1510 magnus
1234 1458 1423 1497 Porsonus
1451 1458 1490 1497 in
1521 1458 1596 1497 Eu-

336 1530 468 1583 ripidis
502 1531 714 1570 Phoenissis
752 1545 785 1570 v.
819 1532 919 1571 1277
962 1532 1060 1583 (pag.
1094 1532 1171 1570 338
1202 1531 1289 1584 ed0).
1345 1531 1469 1571 Verba
1506 1536 1594 1571 sunt

336 1603 460 1640 nuntii
488 1602 535 1641 ad
563 1602 754 1641 Iocasten:

472 1714 564 1751 ἀλλ’
585 1712 619 1751 εἴ
646 1712 717 1751 τιν’
735 1711 857 1756 ἀλκὴν
886 1712 906 1757 ἢ
937 1712 1077 1761 σοφοὺς
1109 1710 1213 1760 ἔχεις
1243 1710 1381 1758 λόγους

473 1786 493 1830 ἢ
523 1786 657 1834 φίλτρ’
682 1786 844 1834 ἐπῳδῶν,
876 1785 1008 1833 στεῖχ’
1032 1786 1207 1834 ἐρήτυσον
1235 1784 1351 1823 τέκνα

473 1860 590 1903 δεινῆς
621 1859 816 1906 ἁμίλλης,
849 1859 894 1902 ὡς
930 1858 946 1897 ὁ
979 1858 1141 1902 κίνδυνος
1173 1857 1303 1905 μέγας

472 1933 556 1971 ux}
587 1929 760 1972 τᾶθλα
790 1931 914 1978 δεινὰ,
944 1930 1089 1981 δάκρυά
1118 1946 1173 1971 σοι
1204 1932 1410 1980 γενήσεται

471 2006 610 2046 δισσοῖν
641 2006 812 2056 στερείσῃ
832 2007 861 2059 ²)
892 2006 975 2056 τῇδ’
997 2007 1035 2045 ἐν
1064 2004 1184 2056 ἡμέρᾳ
1213 2005 1367 2045 τέκνοιν.

378 2125 513 2165 Ultimi
529 2140 654 2166 versus
677 2129 720 2165 ut
738 2140 839 2166 nunc
857 2126 1033 2179 leguntur
1045 2139 1122 2165 non
1136 2129 1221 2178 apte
1241 2126 1448 2167 cohaerent.
1478 2125 1591 2176 Quod

332 2198 473 2251 optime
501 2199 597 2238 vidit
629 2199 933 2248 Valckenaerius;
973 2198 1217 2252 expungendo
1244 2212 1329 2238 vero
1365 2199 1588 2240 medicinam

330 2271 437 2311 affert
465 2271 575 2310 nimis
604 2271 821 2311 violentam.
877 2270 1080 2311 Contendit
1116 2270 1180 2310 καὶ
1214 2267 1344 2310 τᾶθλα
1382 2286 1404 2311 a
1431 2272 1588 2326 Tragieo

373 2438 398 2480 ¹)
434 2436 484 2471 Cf.
506 2436 665 2480 Hesychii
687 2436 812 2481 glossa:
836 2434 1061 2480 ἐγεγῆθει,
1088 2433 1237 2480 ἔχαιρεν.

371 2496 397 2539 ²)
433 2495 483 2528 Ex
501 2496 691 2541 ⁸coniectura.
712 2496 839 2529 Reiskii
861 2507 919 2540 pro
946 2496 1103 2537 στερήσῃ.
1147 2499 1282 2532 Malunt
1304 2499 1361 2532 alii
1382 2498 1545 2540 στερήσει.
