1937 3075
973 283 1022 320 82

369 407 598 446 καθιστάναι
629 408 791 449 Cobetus
825 411 879 462 (in
909 410 1018 450 Obss.
1047 410 1093 450 ad
1124 411 1322 464 Hyperidis
1350 411 1453 451 Orat.
1483 412 1628 452 funebr.

370 492 408 530 p.
439 481 506 532 41)
550 482 804 534 reponendum
834 489 958 523 censet
998 484 1256 532 μεθιστάναι.
1314 483 1428 523 Plura
1465 484 1629 537 exempla

370 552 439 592 sub
468 568 587 594 unum
617 562 853 608 conspectum
883 559 1011 609 posuit
1038 558 1127 597 Var.
1156 557 1260 596 Lect.
1288 572 1324 609 p.
1355 558 1447 596 281.

424 625 507 675 πρὸ
538 632 576 666 et
605 629 717 676 πρὸς
750 629 788 667 in
819 629 949 667 multis
976 629 1080 668 libris
1108 629 1215 681 plane
1243 628 1370 668 eodem
1405 628 1514 667 modo
1541 642 1627 667 exa-

368 701 447 736 rata
489 704 588 738 sunt.
646 700 777 751 Itaque
819 701 909 751 quid
949 700 1088 751 ubique
1124 700 1323 752 legendum
1361 700 1410 738 sit
1442 713 1485 739 ex
1528 704 1627 739 certo

367 770 544 822 loquendi
574 785 645 810 usu
680 776 717 811 et
755 772 935 824 cuiusque
967 772 1039 811 loci
1067 773 1250 811 sententia
1278 772 1529 812 definiendum
1557 776 1625 812 est.

365 841 502 882 Crebro
531 843 571 883 in
600 844 669 883 hac
696 858 735 883 re
763 849 923 885 erratum
952 858 1176 898 quamquam
1202 844 1332 884 lectori
1360 845 1427 896 qui
1451 844 1522 884 hoc
1546 845 1626 898 agit

362 916 538 956 facillima
552 922 621 956 'est
648 919 765 970 opti0.

416 983 545 1029 Schol}
570 990 616 1029 ad
645 988 780 1042 Odyss.
810 991 866 1039 N,
901 993 963 1031 14.

474 1095 582 1144 (ἀλλ’
610 1093 687 1140 ἄγε
717 1096 748 1132 οἱ
780 1095 901 1141 δῶμεν
930 1096 1090 1143 τρίποδα
1119 1096 1248 1142 μέγαν
1278 1097 1339 1140 ἠδὲ
1368 1096 1522 1142 λέβητα

469 1167 694 1218 ἀνδρακάς.)

416 1277 476 1316 Ita
504 1278 649 1317 editur:
694 1279 709 1316 ὂ
747 1277 861 1325 λόγος
897 1279 986 1317 κατ’
1007 1277 1125 1327 ἄνδρα
1154 1282 1216 1318 νῦν
1246 1280 1467 1328 προδῶμεν,
1510 1278 1620 1318 ὕστε-

363 1366 421 1400 ρον
464 1351 502 1391 δὲ
541 1353 582 1390 ἐκ
626 1355 691 1391 τοῦ
733 1353 851 1400 δήμου
892 1353 1216 1402 ἅναπρικξώμεθοι.
1275 1353 1413 1405 Ecquis
1454 1352 1621 1392 dubitare

361 1428 486 1478 potest
529 1425 621 1477 quin
664 1427 908 1475 προσδῶμεν
952 1426 1212 1479 corrigendum
1254 1425 1326 1465 sit?
1389 1425 1458 1465 Est
1500 1425 1621 1465 hercle

359 1499 500 1550 aliquid
529 1499 626 1538 inter
653 1501 848 1548 προδοῦναι
880 1500 981 1551 quod
1013 1499 1199 1551 significat
1224 1501 1396 1550 prodere,
1435 1500 1530 1538 omni
1557 1513 1618 1537 au·

360 1572 451 1611 :cilio
480 1572 676 1612 destituere
704 1577 739 1612 et
774 1573 1019 1623 προσδοῦνκι,
1061 1572 1262 1626 impertiri,
1301 1573 1392 1612 dono
1424 1573 1524 1611 dare.
1583 1571 1623 1610 Si

361 1645 469 1696 plura
510 1645 567 1683 vis
609 1646 796 1698 exempla,
844 1647 963 1685 multa
1004 1645 1115 1684 habet
1158 1645 1361 1683 Dorvillius
1402 1645 1442 1682 in
1484 1644 1622 1683 Charit.

362 1733 400 1770 p.
432 1719 510 1758 144
540 1733 616 1771 seq.

418 1791 613 1830 Praeterea
641 1792 756 1841 πρὸς
787 1806 893 1845 saepe
924 1791 1138 1844 designatur
1172 1790 1267 1843 sigla
1304 1790 1465 1842 quadam
1496 1804 1624 1842 peran-

363 1863 469 1915 tiqua
511 1878 622 1916 quam
667 1864 729 1904 hic
774 1864 1039 1917 repraesentari
1076 1877 1151 1921 nou
1193 1863 1360 1916 potuisse
1406 1876 1625 1915 magnopere

364 1936 486 1976 doleo.
543 1937 696 1977 Invitus
725 1951 825 1977 nunc
852 1938 1027 1977 lectorem
1054 1936 1176 1990 relego
1204 1936 1251 1975 ad
1273 1936 1417 1975 tabulas
1440 1935 1626 1975 Schaeferi

362 2009 520 2049 editioni
556 2009 712 2064 Gregor.
748 2011 935 2051 Corinthii
972 2011 1133 2050 adiectas
1169 2009 1272 2063 (Tab.
1302 2009 1366 2057 II,
1404 2010 1458 2062 3).
1514 2009 1625 2062 Igno-

364 2083 498 2122 rabant
525 2083 622 2123 hanc
649 2089 775 2124 notam
796 2085 1018 2124 recentiores
1036 2083 1179 2123 librarii
1207 2097 1362 2135 eamque
1381 2086 1446 2122 aut
1475 2082 1625 2122 omnino

362 2157 550 2209 negligere
592 2158 758 2197 solebant
806 2162 872 2197 aut
911 2158 1022 2196 aliam
1070 2157 1274 2209 quamlibet
1313 2156 1625 2208 praepositionem

366 2243 434 2269 suo
462 2228 644 2269 arbitratu
674 2229 911 2270 substituere.
955 2229 1043 2278 Quo
1066 2229 1209 2268 factum
1231 2233 1275 2268 ut
1303 2229 1417 2277 πρὸς
1445 2228 1486 2268 in
1513 2228 1623 2277 ἀπὸ,

364 2303 443 2348 ὡς,
475 2302 561 2348 εἰς,
589 2302 742 2345 κατὰ,
774 2303 814 2340 in
843 2302 916 2341 alia
944 2302 1069 2341 omnia
1096 2302 1227 2341 abiret.

416 2373 509 2415 Non
543 2389 602 2413 me
638 2374 802 2414 taedebit
839 2374 885 2414 ad
919 2374 1013 2413 hanc
1048 2373 1339 2414 observationem
1367 2375 1624 2415 stabiliendam

360 2448 423 2487 hic
450 2461 517 2500 pro
545 2452 649 2500 parte
678 2447 883 2486 describere
915 2451 1108 2486 venustam
1139 2447 1329 2499 epistolam
1360 2448 1623 2500 Alciphronis,

357 2535 451 2574 quae
478 2521 696 2561 inscribitur
724 2521 881 2567 Πκνόπη
911 2520 1141 2570 Εὐθυβούλῳ
1166 2520 1205 2570 Ι,
1237 2522 1259 2559 6
1292 2521 1402 2573 (Vide
1422 2521 1513 2561 Cob.
1531 2522 1622 2562 Var.
