1937 3075
918 260 965 298 75

313 387 426 428 habet
476 389 524 429 G.
566 388 747 428 Canterus
783 388 825 427 in
855 388 957 427 Nov.
995 388 1098 428 Lect.
1131 388 1215 428 Lib.
1250 377 1353 427 VIII'
1386 386 1477 439 Cap.
1517 388 1567 426 19

312 461 377 500 ubi
420 462 474 500 ita
515 461 664 500 scribit:
723 460 796 509 'sIn
842 460 1041 512 Responsis
1085 473 1178 511 quae
1222 461 1276 511 (in
1317 459 1413 499 Iust.
1456 459 1569 499 Mart.

312 534 411 586 Lib.)
456 533 672 574 orthodoxis
713 533 867 581 dantur,
905 533 1121 584 quaestione
1157 532 1381 590 sexagesima
1427 533 1570 585 quaeri-

312 611 394 656 tur,
431 608 462 646 si
498 610 609 646 noete
641 606 695 646 sol
732 606 864 655 lateat,
913 619 979 645 eur
1015 605 1160 644 coelum
1207 604 1434 656 sphaericam
1477 605 1569 658 figu-

314 693 390 719 ram
418 694 493 719 non
518 679 663 719 habeat.
706 679 851 718 Deinde
880 677 1084 718 similitudo
1104 677 1289 730 profertur
1297 693 1308 724 3
1337 677 1445 716 cuius
1470 678 1571 730 prior

311 767 396 805 pars
434 752 557 801 deest,
594 753 774 805 posterior
809 753 864 792 sic
892 752 1061 791 effertur:
1105 747 1244 794 οὗτος
1283 747 1362 789 οὖν
1401 748 1446 794 ὃς
1488 751 1568 789 ἐπί-

313 840 436 864 κειται
466 830 514 874 τῇ
544 831 615 874 γῇ,
645 825 754 864 nobis
778 829 902 864 autem
923 825 1013 863 haec
1042 825 1096 863 ita
1122 824 1295 862 videntur
1324 823 1569 871 restituenda,

313 896 462 941 οὕτως
493 897 693 946 οὐρανὸς
724 896 913 936 ἐπίκειται
942 902 989 946 τῇ
1020 901 1092 946 γῇ,
1121 910 1205 936 nam
1235 887 1333 940 W
1357 897 1447 936 olim
1472 900 1571 935 recte

313 970 490 1022 scriptum
525 970 571 1009 ab
603 969 784 1022 imperitis
812 970 852 1008 in
881 984 940 1008 ουν
970 973 1007 1009 et
1035 968 1073 1013 ὃς
1102 970 1176 1008 fuit
1204 970 1379 1009 divisum.
1429 970 1570 1022 ⁴Itaque

311 1046 409 1081 recte
451 1043 523 1081 huc
566 1056 659 1094 quae
711 1042 988 1095 subiunguntur
1037 1042 1284 1092 conveniunt,
1328 1043 1392 1082 καὶ
1437 1043 1453 1081 ὅ
1497 1043 1568 1090 μὲν

312 1115 374 1154 δια
412 1117 455 1154 τὸ
494 1119 634 1164 κοῦφον
674 1116 886 1165 οἶνωφερής·
926 1117 946 1161 ἦ
989 1115 1025 1154 δὲ
1066 1116 1126 1154 δια
1167 1116 1209 1155 τὸ
1249 1116 1348 1165 βαρύ
1387 1117 1468 1154 ἐστι
1497 1130 1568 1155 κα-

311 1188 530 1238 τωφερής.”

365 1261 403 1300 Si
433 1262 517 1312 quis
557 1262 667 1300 huius
700 1261 967 1300 emendationis
1003 1262 1238 1314 persentiscit
1269 1261 1494 1301 evidentiam
1529 1265 1567 1300 et

309 1334 571 1386 praestantiam
602 1334 699 1372 idem
729 1333 792 1372 ille
823 1347 890 1372 suo
924 1334 1044 1385 pretio
1081 1334 1291 1373 aestimabit
1318 1334 1564 1373 coniecturam

310 1405 568 1445 Valckenaerii
600 1405 636 1444 in
668 1405 839 1458 Aesehyl.
870 1405 1066 1446 Eumenid.
1096 1420 1130 1446 v.
1171 1407 1261 1447 567.
1319 1406 1460 1458 Incipit
1497 1406 1566 1445 dea

308 1478 482 1517 Minerva
510 1478 612 1517 hisce
640 1478 781 1517 verbis:

472 1583 655 1631 κήρυσσε,
688 1582 826 1631 κήρυξ,
857 1583 921 1622 καὶ
952 1583 1114 1632 στρατὸν
1144 1584 1416 1633 κατειργαθοῦ,

469 1674 517 1696 ψ
538 1680 590 1687 —-
609 1674 656 1695 υ
685 1657 755 1695 εἴτ’
785 1654 843 1695 οὖν
874 1657 1038 1706 διάτορος
1069 1659 1282 1706 Τυρσηνικὴ

471 1728 650 1776 σάλπιγξ
683 1729 853 1778 βροτείου
883 1730 1101 1778 πνεύματος
1132 1732 1370 1781 πληρουμένη

471 1803 664 1852 ὑπέρτονον
695 1805 852 1852 γήρυμα
880 1804 1050 1853 φαινέτω
1082 1807 1247 1854 στρατῷ.

361 1913 421 1953 Ita
448 1913 696 1966 pulcherrima
728 1915 830 1962 ῥῆσις
875 1913 999 1952 editur
1037 1928 1058 1953 a
1089 1914 1301 1963 Dindorfio,
1346 1916 1432 1966 qui,
1477 1929 1566 1968 pace

307 2001 342 2026 v.
372 1987 419 2026 cl.
446 1987 586 2025 dictum
616 1991 712 2034 esto,
738 1987 906 2025 lacunam
935 1987 976 2025 in
1003 1987 1165 2026 seeundo
1194 2001 1300 2026 versu
1324 2001 1452 2039 parum
1484 2001 1566 2040 pro-

307 2059 479 2099 babiliter
505 2059 709 2107 indicavit;
738 2072 824 2097 nam
863 2059 950 2097 licet
986 2058 1223 2111 irreparabile
1263 2059 1435 2098 damnum
1479 2060 1566 2098 huic

305 2132 385 2170 loco
413 2131 557 2170 illatum
593 2135 708 2178 esset,
741 2132 780 2168 ἐκ
809 2135 881 2168 τῶν
912 2131 1236 2180 συμφραζομένων
1271 2135 1394 2169 tamen
1423 2132 1564 2182 liquido

306 2208 490 2243 constaret
531 2203 576 2243 ab
622 2202 707 2243 εἶτα
752 2204 970 2243 ordiendum
1019 2218 1108 2243 esse.
1165 2203 1250 2242 Εἶτ’
1272 2201 1330 2242 οὖν
1371 2204 1564 2243 tritissima

306 2276 455 2328 quidem
486 2281 542 2314 est
570 2276 834 2329 particularum
874 2276 1087 2315 coniunctio
1126 2276 1190 2323 sed
1219 2276 1289 2315 alio
1318 2290 1428 2316 sensu
1459 2290 1562 2316 usur-

304 2353 413 2401 patur
440 2350 527 2387 huic
550 2350 633 2387 loco
659 2350 811 2387 minime
834 2349 979 2387 idoneo.
1016 2349 1127 2398 (Vide
1149 2363 1181 2387 e.
1199 2363 1230 2388 c.
1263 2349 1388 2401 Eurip.
1414 2350 1561 2389 Heracl.

306 2435 339 2460 v.
372 2422 447 2459 149
481 2451 513 2459 ..
533 2420 650 2459 ..εἴτ’
670 2418 728 2459 οὖν
760 2420 836 2459 εἴτε
865 2421 919 2468 μὴ
949 2422 1172 2473 γενήσεται)
1207 2421 1328 2462 Enixe
1355 2422 1451 2461 enim
1482 2436 1562 2461 ver-

303 2494 435 2533 borum
478 2497 675 2532 contextus
717 2493 900 2544 postulat:
935 2494 1095 2542 primum
1112 2523 1256 2534 ......
1272 2495 1419 2540 deinde,
1464 2494 1560 2533 nihil
