1937 3075
611 809 867 870 CAPUT
917 809 1308 872 QUARTUM.

385 1276 443 1315 De
477 1276 686 1315 charactere
722 1276 838 1327 ligato
871 1276 1040 1315 dicturus
1074 1277 1175 1328 quod
1210 1276 1283 1316 iam
1320 1291 1428 1330 supra
1455 1279 1586 1318 monui

329 1349 429 1388 idem
457 1348 519 1388 hic
545 1348 856 1401 praemittendum
891 1349 986 1388 duco
1024 1363 1162 1388 errores
1190 1353 1228 1388 et
1255 1354 1406 1402 peccata
1433 1355 1513 1390 orta
1540 1365 1585 1390 ex

329 1423 513 1474 scriptura
543 1422 681 1461 unciali
710 1421 835 1461 omnia
861 1436 900 1461 se
931 1422 1137 1462 insinuasse
1157 1423 1197 1462 in
1221 1423 1468 1464 minusculam
1478 1441 1489 1473 3
1518 1424 1584 1464 ubi

328 1495 460 1535 deinde
488 1495 533 1535 ab
561 1496 841 1548 imperitissimo
870 1509 1018 1547 quoque
1047 1496 1159 1535 variis
1197 1497 1316 1535 modis
1344 1497 1521 1549 explicata
1549 1502 1586 1537 et

326 1574 487 1608 correcta
524 1570 666 1608 scilicet
700 1583 767 1621 pro
801 1568 945 1608 levibus
974 1568 1189 1608 vulneribus
1217 1568 1336 1608 morbi
1364 1570 1586 1609 exstiterunt

327 1642 482 1681 vixdum
510 1641 700 1680 sanabiles.
756 1641 848 1680 Late
876 1644 1041 1692 grassata
1070 1646 1127 1680 est
1154 1641 1281 1680 infelix
1311 1641 1385 1680 ista
1415 1643 1585 1682 mutandi

325 1715 512 1753 temeritas
550 1728 643 1766 quae
680 1714 726 1753 de
764 1714 995 1766 singulorum
1029 1713 1294 1752 vocabulorum
1322 1718 1359 1753 et
1388 1715 1586 1754 sententia-

324 1802 407 1827 rum
446 1788 607 1840 pondere
645 1801 773 1840 parum
817 1787 977 1826 sollicita
1021 1787 1145 1825 omnia
1185 1787 1308 1839 paullo
1350 1787 1586 1840 impeditiora

323 1862 440 1914 impia
477 1875 588 1901 manu
625 1860 830 1909 resecabat,
866 1860 1016 1900 lacunas
1054 1860 1132 1899 suis
1162 1860 1314 1912 ineptiis
1342 1860 1431 1900 λίαν
1461 1861 1583 1905 δεινῶς

323 1934 528 1987 supplebat.
586 1933 659 1973 Sed
701 1934 791 1973 haec
833 1932 942 1982 alias,
985 1947 1085 1973 nunc
1127 1933 1173 1973 de
1213 1933 1403 1973 literarum
1443 1935 1585 1987 figuris.

322 2009 489 2049 Plurima
517 2012 641 2048 autem
670 2008 763 2047 vitia
791 2009 832 2047 in
860 2008 1044 2060 scriptura
1073 2007 1280 2047 minuscula
1310 2013 1513 2048 nascuntur
1540 2023 1586 2048 ex

323 2081 552 2134 compendiis
588 2084 627 2120 et
662 2079 766 2133 siglis
804 2079 882 2120 sive
918 2079 1099 2133 neglectis
1138 2079 1215 2119 sive
1251 2094 1441 2132 perperam
1475 2081 1584 2121 intel·

321 2154 450 2202 lectis;
480 2154 569 2192 haec
599 2166 667 2191 suo
695 2153 777 2191 loco
811 2152 939 2191 ordine
972 2152 1153 2191 tract-abo.
1211 2153 1262 2190 At
1295 2158 1482 2204 praeterea
1513 2153 1583 2193 alia

321 2227 502 2267 nonnulla
545 2226 867 2267 animadvertenda
915 2229 1001 2265 sunt
1049 2225 1183 2277 quibus
1229 2239 1355 2264 ansam
1402 2225 1582 2266 dederunt

320 2300 510 2339 literarum
548 2300 682 2338 ductus
719 2303 757 2337 et
794 2311 922 2338 nexus.
980 2297 1214 2349 Quamquam
1248 2297 1430 2337 lectorum
1458 2298 1582 2351 potius

321 2388 432 2426 quam
471 2373 640 2412 codicum
679 2373 768 2411 haec
805 2376 892 2411 sunt
930 2375 1061 2410 errata.
1119 2372 1346 2423 Quicunque
1376 2376 1490 2412 artem
1519 2387 1581 2425 pa·

319 2446 612 2499 laeographicam
641 2445 772 2484 doctus
798 2445 843 2484 ab
873 2444 1005 2483 idoneo
1033 2448 1268 2497 praeceptore
1297 2445 1439 2497 aliquot
1466 2446 1580 2485 libros

320 2533 403 2558 cum
443 2533 531 2558 cura
568 2518 769 2557 excusserit
806 2518 937 2556 horum
977 2517 1110 2555 bonam
1139 2522 1279 2569 partem
1309 2532 1384 2557 non
1414 2518 1577 2567 videbit;
