<?xml version="1.0" encoding="UTF-8"?>
<!DOCTYPE html PUBLIC "-//W3C//DTD XHTML 1.0 Transitional//EN"
    "http://www.w3.org/TR/xhtml1/DTD/xhtml1-transitional.dtd">
<html xmlns="http://www.w3.org/1999/xhtml" xml:lang="en" lang="en">
 <head>
  <title>
</title>
<meta http-equiv="Content-Type" content="text/html;charset=utf-8" />
  <meta name='ocr-system' content='tesseract 3.04.00' />
  <meta name='ocr-capabilities' content='ocr_page ocr_carea ocr_par ocr_line ocrx_word'/>
</head>
<body>
  <div class='ocr_page' id='page_1' title='image "4737922_0072.png"; bbox 0 0 1937 3075; ppageno 0'>
   <div class='ocr_carea' id='block_1_1' title="bbox 996 221 1045 258">
    <p class='ocr_par' dir='ltr' id='par_1_1' title="bbox 996 221 1045 258">
     <span class='ocr_line' id='line_1_1' title="bbox 996 221 1045 258; baseline 0 0"><span class='ocrx_word' id='word_1_1' title='bbox 996 221 1045 258; x_wconf 86' lang='lat'><strong>56</strong></span> 
     </span>
    </p>
   </div>
   <div class='ocr_carea' id='block_1_2' title="bbox 396 345 1662 1129">
    <p class='ocr_par' dir='ltr' id='par_1_2' title="bbox 396 345 1653 547">
     <span class='ocr_line' id='line_1_2' title="bbox 396 345 1653 404; baseline 0.004 -20"><span class='ocrx_word' id='word_1_2' title='bbox 396 345 515 392; x_wconf 83' lang='grc' dir='ltr'><em>τοίη.</em></span> <span class='ocrx_word' id='word_1_3' title='bbox 574 346 720 387; x_wconf 87' lang='lat' dir='ltr'><strong>Erroris</strong></span> <span class='ocrx_word' id='word_1_4' title='bbox 749 363 860 390; x_wconf 90' lang='lat' dir='ltr'><strong>causa</strong></span> <span class='ocrx_word' id='word_1_5' title='bbox 886 350 927 390; x_wconf 92' lang='lat' dir='ltr'><strong>in</strong></span> <span class='ocrx_word' id='word_1_6' title='bbox 957 351 1081 404; x_wconf 82' lang='lat' dir='ltr'><strong>aprico</strong></span> <span class='ocrx_word' id='word_1_7' title='bbox 1109 355 1176 392; x_wconf 85' lang='lat' dir='ltr'><strong>est.</strong></span> <span class='ocrx_word' id='word_1_8' title='bbox 1232 351 1354 391; x_wconf 78' lang='lat' dir='ltr'><strong>Aliter</strong></span> <span class='ocrx_word' id='word_1_9' title='bbox 1373 350 1522 390; x_wconf 86' lang='lat' dir='ltr'><strong>videtur</strong></span> <span class='ocrx_word' id='word_1_10' title='bbox 1546 349 1653 389; x_wconf 86' lang='lat' dir='ltr'><strong>Stall-</strong></span> 
     </span>
     <span class='ocr_line' id='line_1_3' title="bbox 397 418 1653 474; baseline 0.007 -16"><span class='ocrx_word' id='word_1_11' title='bbox 397 418 560 460; x_wconf 85' lang='lat' dir='ltr'><strong>baumio.</strong></span> <span class='ocrx_word' id='word_1_12' title='bbox 618 422 672 460; x_wconf 89' lang='lat' dir='ltr'><strong>At</strong></span> <span class='ocrx_word' id='word_1_13' title='bbox 700 422 825 462; x_wconf 87' lang='lat' dir='ltr'><strong>confer</strong></span> <span class='ocrx_word' id='word_1_14' title='bbox 853 424 951 464; x_wconf 87' lang='lat' dir='ltr'><strong>Hell.</strong></span> <span class='ocrx_word' id='word_1_15' title='bbox 982 425 1066 474; x_wconf 90' lang='lat' dir='ltr'>III,</span> <span class='ocrx_word' id='word_1_16' title='bbox 1095 428 1141 474; x_wconf 85' lang='lat'><strong>4,</strong></span> <span class='ocrx_word' id='word_1_17' title='bbox 1176 427 1222 464; x_wconf 91' lang='lat'><strong>15</strong></span> <span class='ocrx_word' id='word_1_18' title='bbox 1252 426 1345 465; x_wconf 90' lang='lat' dir='ltr'><strong>fine:</strong></span> <span class='ocrx_word' id='word_1_19' title='bbox 1375 424 1496 472; x_wconf 78' lang='grc' dir='ltr'><em>ὥσπερ</em></span> <span class='ocrx_word' id='word_1_20' title='bbox 1522 423 1568 463; x_wconf 79' lang='grc' dir='ltr'><strong>ἄν</strong></span> <span class='ocrx_word' id='word_1_21' title='bbox 1595 438 1653 467; x_wconf 79' lang='grc' dir='ltr'><em>τις</em></span> 
     </span>
     <span class='ocr_line' id='line_1_4' title="bbox 398 491 1502 547; baseline 0.005 -16"><span class='ocrx_word' id='word_1_22' title='bbox 398 491 461 531; x_wconf 75' lang='grc' dir='ltr'><em>τὸν</em></span> <span class='ocrx_word' id='word_1_23' title='bbox 493 493 583 542; x_wconf 82' lang='grc' dir='ltr'><em>ὑπὲρ</em></span> <span class='ocrx_word' id='word_1_24' title='bbox 614 497 732 534; x_wconf 76' lang='grc' dir='ltr'><em>αὐτοῦ</em></span> <span class='ocrx_word' id='word_1_25' title='bbox 763 497 1065 545; x_wconf 69' lang='grc' dir='ltr'><em>ἀποθανούμενον</em></span> <span class='ocrx_word' id='word_1_26' title='bbox 1097 498 1291 546; x_wconf 79' lang='grc' dir='ltr'><em>προθύμως</em></span> <span class='ocrx_word' id='word_1_27' title='bbox 1321 498 1502 547; x_wconf 88' lang='grc' dir='ltr'><em>ζητοίη.</em></span> 
     </span>
    </p>

    <p class='ocr_par' dir='ltr' id='par_1_3' title="bbox 396 567 1656 765">
     <span class='ocr_line' id='line_1_5' title="bbox 453 567 1656 622; baseline 0.005 -19"><span class='ocrx_word' id='word_1_28' title='bbox 453 570 507 609; x_wconf 88' lang='grc' dir='ltr'><strong>Κ,</strong></span> <span class='ocrx_word' id='word_1_29' title='bbox 547 579 634 605; x_wconf 91' lang='lat' dir='ltr'><strong>cum</strong></span> <span class='ocrx_word' id='word_1_30' title='bbox 671 567 784 606; x_wconf 84' lang='lat' dir='ltr'><strong>altera</strong></span> <span class='ocrx_word' id='word_1_31' title='bbox 831 582 912 621; x_wconf 86' lang='lat' dir='ltr'><strong>pars</strong></span> <span class='ocrx_word' id='word_1_32' title='bbox 954 572 1049 608; x_wconf 80' lang='lat' dir='ltr'><strong>esset</strong></span> <span class='ocrx_word' id='word_1_33' title='bbox 1090 569 1225 609; x_wconf 88' lang='lat' dir='ltr'><strong>ductus</strong></span> <span class='ocrx_word' id='word_1_34' title='bbox 1266 570 1438 619; x_wconf 89' lang='lat' dir='ltr'><strong>rotundi,</strong></span> <span class='ocrx_word' id='word_1_35' title='bbox 1480 569 1656 622; x_wconf 88' lang='lat' dir='ltr'><strong>bipartito</strong></span> 
     </span>
     <span class='ocr_line' id='line_1_6' title="bbox 399 637 1654 693; baseline 0.002 -16"><span class='ocrx_word' id='word_1_36' title='bbox 399 637 588 678; x_wconf 90' lang='lat' dir='ltr'><strong>divulsum</strong></span> <span class='ocrx_word' id='word_1_37' title='bbox 627 654 735 692; x_wconf 85' lang='lat' dir='ltr'><strong>saepe</strong></span> <span class='ocrx_word' id='word_1_38' title='bbox 772 642 914 693; x_wconf 84' lang='lat' dir='ltr'><strong>peperit</strong></span> <span class='ocrx_word' id='word_1_39' title='bbox 956 648 1010 681; x_wconf 88' lang='lat' dir='ltr'><strong>IC</strong></span> <span class='ocrx_word' id='word_1_40' title='bbox 1029 662 1079 676; x_wconf 90' lang='lat'>=</span> <span class='ocrx_word' id='word_1_41' title='bbox 1098 658 1151 685; x_wconf 87' lang='grc' dir='ltr'><em>ις.</em></span> <span class='ocrx_word' id='word_1_42' title='bbox 1217 643 1412 681; x_wconf 85' lang='lat' dir='ltr'><strong>Coutrario</strong></span> <span class='ocrx_word' id='word_1_43' title='bbox 1455 655 1574 680; x_wconf 88' lang='lat' dir='ltr'><strong>errore</strong></span> <span class='ocrx_word' id='word_1_44' title='bbox 1617 656 1654 684; x_wconf 90' lang='grc' dir='ltr'><em>ις</em></span> 
     </span>
     <span class='ocr_line' id='line_1_7' title="bbox 396 710 1289 765; baseline 0.008 -16"><span class='ocrx_word' id='word_1_45' title='bbox 396 710 516 750; x_wconf 86' lang='lat' dir='ltr'><strong>literis</strong></span> <span class='ocrx_word' id='word_1_46' title='bbox 545 711 647 751; x_wconf 91' lang='lat' dir='ltr'><strong>nullo</strong></span> <span class='ocrx_word' id='word_1_47' title='bbox 676 713 797 765; x_wconf 85' lang='lat' dir='ltr'><strong>spatio</strong></span> <span class='ocrx_word' id='word_1_48' title='bbox 825 714 994 754; x_wconf 89' lang='lat' dir='ltr'><strong>diremtis</strong></span> <span class='ocrx_word' id='word_1_49' title='bbox 1023 716 1159 756; x_wconf 80' lang='lat' dir='ltr'><strong>coaluit</strong></span> <span class='ocrx_word' id='word_1_50' title='bbox 1188 716 1227 755; x_wconf 94' lang='lat' dir='ltr'><strong>in</strong></span> <span class='ocrx_word' id='word_1_51' title='bbox 1255 731 1289 757; x_wconf 91' lang='grc' dir='ltr'><strong>κ.</strong></span> 
     </span>
    </p>

    <p class='ocr_par' dir='ltr' id='par_1_4' title="bbox 400 785 1662 1129">
     <span class='ocr_line' id='line_1_8' title="bbox 457 785 1659 836; baseline 0.004 -14"><span class='ocrx_word' id='word_1_52' title='bbox 457 785 729 824; x_wconf 86' lang='lat' dir='ltr'><strong>Perridiculum</strong></span> <span class='ocrx_word' id='word_1_53' title='bbox 768 800 855 825; x_wconf 88' lang='lat' dir='ltr'><strong>sane</strong></span> <span class='ocrx_word' id='word_1_54' title='bbox 894 791 949 826; x_wconf 85' lang='lat' dir='ltr'><strong>est</strong></span> <span class='ocrx_word' id='word_1_55' title='bbox 992 789 1169 836; x_wconf 69' lang='grc' dir='ltr'><em>σφάλμα</em></span> <span class='ocrx_word' id='word_1_56' title='bbox 1213 788 1278 827; x_wconf 91' lang='lat' dir='ltr'><strong>ubi</strong></span> <span class='ocrx_word' id='word_1_57' title='bbox 1320 788 1540 827; x_wconf 82' lang='lat' dir='ltr'><strong>somnolenti</strong></span> <span class='ocrx_word' id='word_1_58' title='bbox 1583 801 1659 827; x_wconf 92' lang='lat' dir='ltr'><strong>mo·</strong></span> 
     </span>
     <span class='ocr_line' id='line_1_9' title="bbox 400 856 1661 911; baseline 0.003 -16"><span class='ocrx_word' id='word_1_59' title='bbox 400 856 509 895; x_wconf 84' lang='lat' dir='ltr'><strong>nachi</strong></span> <span class='ocrx_word' id='word_1_60' title='bbox 552 856 689 907; x_wconf 74' lang='grc' dir='ltr'><em>ἄνδρας</em></span> <span class='ocrx_word' id='word_1_61' title='bbox 733 859 908 908; x_wconf 65' lang='grc' dir='ltr'><em>ἀρίστους</em></span> <span class='ocrx_word' id='word_1_62' title='bbox 957 861 1106 911; x_wconf 72' lang='lat' dir='ltr'><strong>optimos</strong></span> <span class='ocrx_word' id='word_1_63' title='bbox 1146 862 1240 901; x_wconf 68' lang='lat' dir='ltr'><strong>viros</strong></span> <span class='ocrx_word' id='word_1_64' title='bbox 1287 865 1433 899; x_wconf 86' lang='lat' dir='ltr'><strong>mutant</strong></span> <span class='ocrx_word' id='word_1_65' title='bbox 1476 861 1517 899; x_wconf 90' lang='lat' dir='ltr'><strong>in</strong></span> <span class='ocrx_word' id='word_1_66' title='bbox 1559 874 1661 900; x_wconf 69' lang='lat' dir='ltr'><strong>urso-³</strong></span> 
     </span>
     <span class='ocr_line' id='line_1_10' title="bbox 402 928 1661 984; baseline 0.003 -17"><span class='ocrx_word' id='word_1_67' title='bbox 402 928 607 981; x_wconf 73' lang='grc' dir='ltr'><em>(ἄρκτους),</em></span> <span class='ocrx_word' id='word_1_68' title='bbox 665 933 717 970; x_wconf 85' lang='lat' dir='ltr'><strong>At</strong></span> <span class='ocrx_word' id='word_1_69' title='bbox 750 932 827 970; x_wconf 90' lang='lat' dir='ltr'><strong>noli</strong></span> <span class='ocrx_word' id='word_1_70' title='bbox 855 933 895 971; x_wconf 91' lang='lat' dir='ltr'><strong>in</strong></span> <span class='ocrx_word' id='word_1_71' title='bbox 923 933 1082 971; x_wconf 88' lang='lat' dir='ltr'><strong>librariis</strong></span> <span class='ocrx_word' id='word_1_72' title='bbox 1112 933 1316 984; x_wconf 85' lang='lat' dir='ltr'><strong>quidquam</strong></span> <span class='ocrx_word' id='word_1_73' title='bbox 1349 932 1474 971; x_wconf 88' lang='lat' dir='ltr'><strong>mirari</strong></span> <span class='ocrx_word' id='word_1_74' title='bbox 1502 932 1534 970; x_wconf 91' lang='lat' dir='ltr'><strong>si</strong></span> <span class='ocrx_word' id='word_1_75' title='bbox 1562 932 1661 984; x_wconf 87' lang='lat' dir='ltr'><strong>ipsos</strong></span> 
     </span>
     <span class='ocr_line' id='line_1_11' title="bbox 400 1002 1661 1057; baseline 0.003 -17"><span class='ocrx_word' id='word_1_76' title='bbox 400 1002 596 1055; x_wconf 79' lang='lat' dir='ltr'><strong>scriptores</strong></span> <span class='ocrx_word' id='word_1_77' title='bbox 625 1017 775 1055; x_wconf 85' lang='lat' dir='ltr'><strong>quoque</strong></span> <span class='ocrx_word' id='word_1_78' title='bbox 803 1005 1000 1044; x_wconf 83' lang='lat' dir='ltr'><strong>dormitare-</strong></span> <span class='ocrx_word' id='word_1_79' title='bbox 1029 1006 1209 1045; x_wconf 86' lang='lat' dir='ltr'><strong>videmus.</strong></span> <span class='ocrx_word' id='word_1_80' title='bbox 1266 1005 1382 1045; x_wconf 86' lang='lat' dir='ltr'><strong>Cuius</strong></span> <span class='ocrx_word' id='word_1_81' title='bbox 1417 1005 1468 1044; x_wconf 85' lang='lat' dir='ltr'><strong>rei</strong></span> <span class='ocrx_word' id='word_1_82' title='bbox 1497 1004 1661 1057; x_wconf 86' lang='lat' dir='ltr'><strong>exemplo</strong></span> 
     </span>
     <span class='ocr_line' id='line_1_12' title="bbox 401 1076 1662 1129; baseline 0.002 -16"><span class='ocrx_word' id='word_1_83' title='bbox 401 1079 458 1113; x_wconf 87' lang='lat' dir='ltr'><strong>est</strong></span> <span class='ocrx_word' id='word_1_84' title='bbox 487 1076 703 1115; x_wconf 83' lang='lat' dir='ltr'><strong>Athenaeus</strong></span> <span class='ocrx_word' id='word_1_85' title='bbox 731 1078 770 1115; x_wconf 91' lang='lat' dir='ltr'><strong>in</strong></span> <span class='ocrx_word' id='word_1_86' title='bbox 800 1077 885 1116; x_wconf 87' lang='lat' dir='ltr'><strong>Lib.</strong></span> <span class='ocrx_word' id='word_1_87' title='bbox 915 1078 991 1125; x_wconf 92' lang='lat' dir='ltr'><strong>XI,</strong></span> <span class='ocrx_word' id='word_1_88' title='bbox 1024 1080 1122 1126; x_wconf 89' lang='lat'>500,</span> <span class='ocrx_word' id='word_1_89' title='bbox 1153 1091 1185 1117; x_wconf 84' lang='lat' dir='ltr'><strong>e.</strong></span> <span class='ocrx_word' id='word_1_90' title='bbox 1224 1078 1288 1129; x_wconf 91' lang='lat' dir='ltr'><strong>qui</strong></span> <span class='ocrx_word' id='word_1_91' title='bbox 1319 1081 1422 1116; x_wconf 88' lang='lat' dir='ltr'><strong>totus</strong></span> <span class='ocrx_word' id='word_1_92' title='bbox 1450 1077 1488 1115; x_wconf 85' lang='lat' dir='ltr'><strong>in</strong></span> <span class='ocrx_word' id='word_1_93' title='bbox 1518 1076 1662 1128; x_wconf 89' lang='lat' dir='ltr'><strong>poculis</strong></span> 
     </span>
    </p>
   </div>
   <div class='ocr_carea' id='block_1_3' title="bbox 399 1146 1666 1565">
    <p class='ocr_par' dir='ltr' id='par_1_5' title="bbox 399 1146 1666 1565">
     <span class='ocr_line' id='line_1_13' title="bbox 399 1146 1663 1201; baseline 0.002 -16"><span class='ocrx_word' id='word_1_94' title='bbox 399 1146 455 1185; x_wconf 89' lang='lat' dir='ltr'><strong>nil</strong></span> <span class='ocrx_word' id='word_1_95' title='bbox 493 1147 568 1186; x_wconf 90' lang='lat' dir='ltr'><strong>doli</strong></span> <span class='ocrx_word' id='word_1_96' title='bbox 606 1149 816 1201; x_wconf 83' lang='lat' dir='ltr'><strong>suspicatus</strong></span> <span class='ocrx_word' id='word_1_97' title='bbox 860 1149 1080 1189; x_wconf 79' lang='lat' dir='ltr'><strong>suavissime</strong></span> <span class='ocrx_word' id='word_1_98' title='bbox 1116 1154 1241 1190; x_wconf 85' lang='lat' dir='ltr'><strong>narrat</strong></span> <span class='ocrx_word' id='word_1_99' title='bbox 1279 1150 1391 1190; x_wconf 87' lang='lat' dir='ltr'><strong>etiam</strong></span> <span class='ocrx_word' id='word_1_100' title='bbox 1430 1149 1663 1201; x_wconf 86' lang='lat' dir='ltr'><strong>Dercylidam</strong></span> 
     </span>
     <span class='ocr_line' id='line_1_14' title="bbox 400 1221 1661 1273; baseline 0 -14"><span class='ocrx_word' id='word_1_101' title='bbox 400 1221 757 1270; x_wconf 84' lang='lat' dir='ltr'><strong>Lacedaemonium,</strong></span> <span class='ocrx_word' id='word_1_102' title='bbox 802 1223 920 1261; x_wconf 89' lang='lat' dir='ltr'><strong>virum</strong></span> <span class='ocrx_word' id='word_1_103' title='bbox 959 1223 1237 1260; x_wconf 85' lang='lat' dir='ltr'><strong>callidissimum</strong></span> <span class='ocrx_word' id='word_1_104' title='bbox 1266 1222 1487 1273; x_wconf 85' lang='lat' dir='ltr'><strong>cognomine</strong></span> <span class='ocrx_word' id='word_1_105' title='bbox 1516 1221 1661 1269; x_wconf 76' lang='grc' dir='ltr'><em>σκύφος</em></span> 
     </span>
     <span class='ocr_line' id='line_1_15' title="bbox 401 1292 1663 1346; baseline 0.001 -15"><span class='ocrx_word' id='word_1_106' title='bbox 401 1292 625 1345; x_wconf 84' lang='lat' dir='ltr'><strong>appellatum</strong></span> <span class='ocrx_word' id='word_1_107' title='bbox 646 1293 761 1334; x_wconf 78' lang='lat' dir='ltr'><strong>fuisse</strong></span> <span class='ocrx_word' id='word_1_108' title='bbox 783 1294 896 1346; x_wconf 88' lang='lat' dir='ltr'><strong>idque</strong></span> <span class='ocrx_word' id='word_1_109' title='bbox 918 1295 1195 1335; x_wconf 86' lang='lat' dir='ltr'><strong>commemorari</strong></span> <span class='ocrx_word' id='word_1_110' title='bbox 1219 1293 1264 1333; x_wconf 89' lang='lat' dir='ltr'><strong>ab</strong></span> <span class='ocrx_word' id='word_1_111' title='bbox 1279 1294 1440 1346; x_wconf 85' lang='lat' dir='ltr'><strong>Ephoro.</strong></span> <span class='ocrx_word' id='word_1_112' title='bbox 1453 1293 1519 1332; x_wconf 47' lang='lat' dir='ltr'><strong>*ss</strong></span> <span class='ocrx_word' id='word_1_113' title='bbox 1539 1295 1663 1342; x_wconf 70' lang='grc' dir='ltr'><em>λῷστε</em></span> 
     </span>
     <span class='ocr_line' id='line_1_16' title="bbox 404 1362 1666 1416; baseline 0.003 -15"><span class='ocrx_word' id='word_1_114' title='bbox 404 1364 580 1407; x_wconf 76' lang='grc' dir='ltr'><em>Ἀθήναιε</em></span> <span class='ocrx_word' id='word_1_115' title='bbox 625 1362 695 1402; x_wconf 79' lang='grc' dir='ltr'><em>εἴτ’</em></span> <span class='ocrx_word' id='word_1_116' title='bbox 729 1367 948 1415; x_wconf 70' lang='grc' dir='ltr'><em>ανηγρόμην</em></span> <span class='ocrx_word' id='word_1_117' title='bbox 988 1365 1034 1410; x_wconf 75' lang='grc' dir='ltr'><em>ὥς</em></span> <span class='ocrx_word' id='word_1_118' title='bbox 1081 1370 1198 1416; x_wconf 80' lang='grc' dir='ltr'><em>φησιν</em></span> <span class='ocrx_word' id='word_1_119' title='bbox 1228 1363 1522 1415; x_wconf 70' lang='grc' dir='ltr'><em>Ἀριστοφάνης.</em></span> <span class='ocrx_word' id='word_1_120' title='bbox 1595 1365 1666 1405; x_wconf 91' lang='lat' dir='ltr'><strong>Cui</strong></span> 
     </span>
     <span class='ocr_line' id='line_1_17' title="bbox 405 1436 1665 1490; baseline 0.002 -15"><span class='ocrx_word' id='word_1_121' title='bbox 405 1437 505 1475; x_wconf 89' lang='lat' dir='ltr'><strong>enim</strong></span> <span class='ocrx_word' id='word_1_122' title='bbox 534 1436 685 1489; x_wconf 80' lang='lat' dir='ltr'><strong>ignotus</strong></span> <span class='ocrx_word' id='word_1_123' title='bbox 715 1439 917 1490; x_wconf 87' lang='lat' dir='ltr'><strong>Sisyphus:</strong></span> <span class='ocrx_word' id='word_1_124' title='bbox 948 1437 963 1477; x_wconf 78' lang='grc' dir='ltr'>ὃ</span> <span class='ocrx_word' id='word_1_125' title='bbox 995 1439 1182 1487; x_wconf 80' lang='grc' dir='ltr'><em>κέρδιστος</em></span> <span class='ocrx_word' id='word_1_126' title='bbox 1215 1438 1342 1486; x_wconf 69' lang='grc' dir='ltr'><em>γένετ’</em></span> <span class='ocrx_word' id='word_1_127' title='bbox 1360 1437 1527 1487; x_wconf 68' lang='grc' dir='ltr'><em>ἆνδρῶν.7</em></span> <span class='ocrx_word' id='word_1_128' title='bbox 1555 1451 1665 1489; x_wconf 89' lang='lat' dir='ltr'><strong>quem</strong></span> 
     </span>
     <span class='ocr_line' id='line_1_18' title="bbox 405 1509 1198 1565; baseline 0.005 -17"><span class='ocrx_word' id='word_1_129' title='bbox 405 1513 552 1549; x_wconf 84' lang='lat' dir='ltr'><strong>revocat</strong></span> <span class='ocrx_word' id='word_1_130' title='bbox 580 1509 768 1551; x_wconf 78' lang='lat' dir='ltr'><strong>Personus</strong></span> <span class='ocrx_word' id='word_1_131' title='bbox 799 1512 992 1563; x_wconf 87' lang='lat' dir='ltr'><strong>(Adverss.</strong></span> <span class='ocrx_word' id='word_1_132' title='bbox 1021 1526 1058 1565; x_wconf 90' lang='lat' dir='ltr'><strong>p.</strong></span> <span class='ocrx_word' id='word_1_133' title='bbox 1091 1512 1198 1564; x_wconf 84' lang='lat'>131).</span> 
     </span>
    </p>
   </div>
   <div class='ocr_carea' id='block_1_4' title="bbox 409 1582 1668 1710">
    <p class='ocr_par' dir='ltr' id='par_1_6' title="bbox 409 1582 1668 1710">
     <span class='ocr_line' id='line_1_19' title="bbox 461 1582 1668 1637; baseline -0.002 -14"><span class='ocrx_word' id='word_1_134' title='bbox 461 1584 599 1624; x_wconf 87' lang='lat' dir='ltr'><strong>Dextre</strong></span> <span class='ocrx_word' id='word_1_135' title='bbox 626 1585 717 1624; x_wconf 91' lang='lat' dir='ltr'><strong>olim</strong></span> <span class='ocrx_word' id='word_1_136' title='bbox 756 1585 925 1637; x_wconf 85' lang='lat' dir='ltr'><strong>Aeschyl.</strong></span> <span class='ocrx_word' id='word_1_137' title='bbox 965 1585 1134 1637; x_wconf 84' lang='lat' dir='ltr'><strong>Choeph.</strong></span> <span class='ocrx_word' id='word_1_138' title='bbox 1164 1599 1201 1623; x_wconf 88' lang='lat' dir='ltr'><strong>v.</strong></span> <span class='ocrx_word' id='word_1_139' title='bbox 1231 1585 1307 1623; x_wconf 87' lang='lat'><strong>897</strong></span> <span class='ocrx_word' id='word_1_140' title='bbox 1339 1584 1498 1623; x_wconf 86' lang='lat' dir='ltr'><strong>correxit</strong></span> <span class='ocrx_word' id='word_1_141' title='bbox 1531 1582 1668 1622; x_wconf 89' lang='lat' dir='ltr'><strong>Robor-</strong></span> 
     </span>
     <span class='ocr_line' id='line_1_20' title="bbox 409 1657 1121 1710; baseline 0 -13"><span class='ocrx_word' id='word_1_142' title='bbox 409 1657 535 1698; x_wconf 82' lang='lat' dir='ltr'><strong>tellus.</strong></span> <span class='ocrx_word' id='word_1_143' title='bbox 593 1657 639 1697; x_wconf 90' lang='lat' dir='ltr'><strong>In</strong></span> <span class='ocrx_word' id='word_1_144' title='bbox 669 1657 795 1699; x_wconf 90' lang='lat' dir='ltr'><strong>codice</strong></span> <span class='ocrx_word' id='word_1_145' title='bbox 824 1657 935 1697; x_wconf 90' lang='lat' dir='ltr'><strong>unico</strong></span> <span class='ocrx_word' id='word_1_146' title='bbox 962 1657 1121 1710; x_wconf 88' lang='lat' dir='ltr'><strong>legitur:</strong></span> 
     </span>
    </p>
   </div>
   <div class='ocr_carea' id='block_1_5' title="bbox 524 1765 1461 1965">
    <p class='ocr_par' dir='ltr' id='par_1_7' title="bbox 524 1765 1461 1965">
     <span class='ocr_line' id='line_1_21' title="bbox 524 1765 1461 1817; baseline -0.002 -10"><span class='ocrx_word' id='word_1_147' title='bbox 524 1767 710 1817; x_wconf 81' lang='grc' dir='ltr'><em>ἐπίσχες,</em></span> <span class='ocrx_word' id='word_1_148' title='bbox 743 1765 767 1807; x_wconf 83' lang='grc' dir='ltr'><em>ὦ</em></span> <span class='ocrx_word' id='word_1_149' title='bbox 799 1773 891 1812; x_wconf 88' lang='grc' dir='ltr'><em>παῖ,</em></span> <span class='ocrx_word' id='word_1_150' title='bbox 923 1766 1028 1807; x_wconf 84' lang='grc' dir='ltr'><em>τόνδε</em></span> <span class='ocrx_word' id='word_1_151' title='bbox 1059 1767 1089 1806; x_wconf 86' lang='grc' dir='ltr'><strong>δ’</strong></span> <span class='ocrx_word' id='word_1_152' title='bbox 1109 1766 1282 1811; x_wconf 79' lang='grc' dir='ltr'><em>αἴδεσαι,</em></span> <span class='ocrx_word' id='word_1_153' title='bbox 1313 1766 1461 1813; x_wconf 84' lang='grc' dir='ltr'><em>τέκνον,</em></span> 
     </span>
     <span class='ocr_line' id='line_1_22' title="bbox 524 1838 1456 1891; baseline -0.002 -10"><span class='ocrx_word' id='word_1_154' title='bbox 524 1842 674 1891; x_wconf 82' lang='grc' dir='ltr'><em>μαστὸν</em></span> <span class='ocrx_word' id='word_1_155' title='bbox 705 1842 818 1890; x_wconf 80' lang='grc' dir='ltr'><em>πρὸς</em></span> <span class='ocrx_word' id='word_1_156' title='bbox 851 1842 939 1880; x_wconf 81' lang='grc' dir='ltr'><strong>ὠκὺ</strong></span> <span class='ocrx_word' id='word_1_157' title='bbox 970 1842 1101 1880; x_wconf 76' lang='grc' dir='ltr'><em>πολλὰ</em></span> <span class='ocrx_word' id='word_1_158' title='bbox 1131 1840 1173 1886; x_wconf 71' lang='grc' dir='ltr'><strong>δὴ</strong></span> <span class='ocrx_word' id='word_1_159' title='bbox 1202 1838 1338 1890; x_wconf 85' lang='grc' dir='ltr'><em>βρίζων</em></span> <span class='ocrx_word' id='word_1_160' title='bbox 1368 1839 1456 1888; x_wconf 78' lang='grc' dir='ltr'><strong>ἅμα</strong></span> 
     </span>
     <span class='ocr_line' id='line_1_23' title="bbox 528 1914 1316 1965; baseline -0.001 -9"><span class='ocrx_word' id='word_1_161' title='bbox 528 1916 689 1956; x_wconf 80' lang='grc' dir='ltr'><em>οὔλοισιν</em></span> <span class='ocrx_word' id='word_1_162' title='bbox 719 1915 937 1964; x_wconf 70' lang='grc' dir='ltr'><em>ἐξήμελξας</em></span> <span class='ocrx_word' id='word_1_163' title='bbox 968 1915 1159 1965; x_wconf 75' lang='grc' dir='ltr'><em>εὐτραφὲς</em></span> <span class='ocrx_word' id='word_1_164' title='bbox 1190 1914 1316 1962; x_wconf 71' lang='grc' dir='ltr'><em>γάλα.</em></span> 
     </span>
    </p>
   </div>
   <div class='ocr_carea' id='block_1_6' title="bbox 421 2016 1685 2513">
    <p class='ocr_par' dir='ltr' id='par_1_8' title="bbox 470 2016 1109 2075">
     <span class='ocr_line' id='line_1_24' title="bbox 470 2016 1109 2075; baseline -0.003 -13"><span class='ocrx_word' id='word_1_165' title='bbox 470 2022 587 2062; x_wconf 83' lang='lat' dir='ltr'><strong>Poeta</strong></span> <span class='ocrx_word' id='word_1_166' title='bbox 615 2021 811 2075; x_wconf 85' lang='lat' dir='ltr'><strong>scripserat</strong></span> <span class='ocrx_word' id='word_1_167' title='bbox 840 2021 955 2071; x_wconf 83' lang='grc' dir='ltr'><em>πρὸς</em></span> <span class='ocrx_word' id='word_1_168' title='bbox 986 2016 1011 2070; x_wconf 78' lang='grc' dir='ltr'><em>ᾧ</em></span> <span class='ocrx_word' id='word_1_169' title='bbox 1040 2020 1109 2060; x_wconf 84' lang='grc' dir='ltr'><strong>σύ.</strong></span> 
     </span>
    </p>

    <p class='ocr_par' dir='ltr' id='par_1_9' title="bbox 421 2092 1682 2366">
     <span class='ocr_line' id='line_1_25' title="bbox 472 2092 1679 2146; baseline -0.002 -13"><span class='ocrx_word' id='word_1_170' title='bbox 472 2095 653 2133; x_wconf 86' lang='lat' dir='ltr'><strong>Palmaria</strong></span> <span class='ocrx_word' id='word_1_171' title='bbox 692 2108 841 2146; x_wconf 91' lang='lat' dir='ltr'><strong>quoque</strong></span> <span class='ocrx_word' id='word_1_172' title='bbox 879 2099 935 2133; x_wconf 90' lang='lat' dir='ltr'><strong>est</strong></span> <span class='ocrx_word' id='word_1_173' title='bbox 970 2094 1179 2133; x_wconf 85' lang='lat' dir='ltr'><strong>emendatio</strong></span> <span class='ocrx_word' id='word_1_174' title='bbox 1213 2093 1423 2145; x_wconf 89' lang='lat' dir='ltr'><strong>Hirschigii</strong></span> <span class='ocrx_word' id='word_1_175' title='bbox 1451 2093 1490 2131; x_wconf 88' lang='lat' dir='ltr'><strong>in</strong></span> <span class='ocrx_word' id='word_1_176' title='bbox 1520 2092 1679 2132; x_wconf 87' lang='lat' dir='ltr'><strong>Luciani</strong></span> 
     </span>
     <span class='ocr_line' id='line_1_26' title="bbox 421 2165 1678 2218; baseline -0.003 -11"><span class='ocrx_word' id='word_1_177' title='bbox 421 2168 695 2207; x_wconf 70' lang='lat' dir='ltr'><strong>Saturnalibus.</strong></span> <span class='ocrx_word' id='word_1_178' title='bbox 718 2167 754 2218; x_wconf 59' lang='grc' dir='ltr'><strong>(ᾧ</strong></span> <span class='ocrx_word' id='word_1_179' title='bbox 773 2168 838 2218; x_wconf 81' lang='lat'><strong>25)</strong></span> <span class='ocrx_word' id='word_1_180' title='bbox 870 2168 944 2214; x_wconf 75' lang='grc' dir='ltr'><strong>ἐγὼ</strong></span> <span class='ocrx_word' id='word_1_181' title='bbox 975 2167 1043 2212; x_wconf 82' lang='grc' dir='ltr'><strong>μὲν</strong></span> <span class='ocrx_word' id='word_1_182' title='bbox 1074 2166 1200 2205; x_wconf 74' lang='grc' dir='ltr'><em>παλαι</em></span> <span class='ocrx_word' id='word_1_183' title='bbox 1231 2167 1420 2213; x_wconf 79' lang='grc' dir='ltr'><em>βασιλεὺς</em></span> <span class='ocrx_word' id='word_1_184' title='bbox 1452 2166 1498 2204; x_wconf 81' lang='grc' dir='ltr'><strong>ὢν</strong></span> <span class='ocrx_word' id='word_1_185' title='bbox 1528 2165 1678 2204; x_wconf 85' lang='grc' dir='ltr'><em>πέπαυ-</em></span> 
     </span>
     <span class='ocr_line' id='line_1_27' title="bbox 425 2238 1682 2289; baseline -0.002 -9"><span class='ocrx_word' id='word_1_186' title='bbox 425 2256 497 2289; x_wconf 86' lang='grc' dir='ltr'><strong>μαι</strong></span> <span class='ocrx_word' id='word_1_187' title='bbox 529 2238 600 2283; x_wconf 82' lang='grc' dir='ltr'><em>εἷς</em></span> <span class='ocrx_word' id='word_1_188' title='bbox 632 2240 685 2278; x_wconf 73' lang='grc' dir='ltr'><strong>ὢν</strong></span> <span class='ocrx_word' id='word_1_189' title='bbox 716 2246 793 2283; x_wconf 85' lang='grc' dir='ltr'><em>τοῖς</em></span> <span class='ocrx_word' id='word_1_190' title='bbox 817 2240 928 2279; x_wconf 75' lang='grc' dir='ltr'><em>παισὶ</em></span> <span class='ocrx_word' id='word_1_191' title='bbox 956 2240 1153 2287; x_wconf 70' lang='grc' dir='ltr'><em>διανείμας</em></span> <span class='ocrx_word' id='word_1_192' title='bbox 1175 2241 1241 2284; x_wconf 78' lang='grc' dir='ltr'><em>την</em></span> <span class='ocrx_word' id='word_1_193' title='bbox 1263 2240 1400 2288; x_wconf 72' lang='grc' dir='ltr'><em>ἀρχήν.</em></span> <span class='ocrx_word' id='word_1_194' title='bbox 1431 2239 1509 2279; x_wconf 91' lang='lat' dir='ltr'><strong>Ubi</strong></span> <span class='ocrx_word' id='word_1_195' title='bbox 1538 2238 1682 2278; x_wconf 84' lang='lat' dir='ltr'><strong>codices</strong></span> 
     </span>
     <span class='ocr_line' id='line_1_28' title="bbox 425 2312 1679 2366; baseline -0.004 -11"><span class='ocrx_word' id='word_1_196' title='bbox 425 2313 477 2359; x_wconf 82' lang='grc' dir='ltr'><em>εἷς</em></span> <span class='ocrx_word' id='word_1_197' title='bbox 506 2315 566 2359; x_wconf 81' lang='grc' dir='ltr'><strong>ὢν,</strong></span> <span class='ocrx_word' id='word_1_198' title='bbox 596 2314 756 2354; x_wconf 85' lang='lat' dir='ltr'><strong>editores</strong></span> <span class='ocrx_word' id='word_1_199' title='bbox 784 2314 847 2353; x_wconf 85' lang='lat' dir='ltr'><strong>alii</strong></span> <span class='ocrx_word' id='word_1_200' title='bbox 876 2313 996 2353; x_wconf 83' lang='lat' dir='ltr'><strong>aliter.</strong></span> <span class='ocrx_word' id='word_1_201' title='bbox 1026 2313 1110 2366; x_wconf 85' lang='lat' dir='ltr'><strong>Ipse</strong></span> <span class='ocrx_word' id='word_1_202' title='bbox 1134 2313 1320 2353; x_wconf 91' lang='lat' dir='ltr'><strong>Lucianus</strong></span> <span class='ocrx_word' id='word_1_203' title='bbox 1345 2312 1496 2352; x_wconf 86' lang='lat' dir='ltr'><strong>dederat</strong></span> <span class='ocrx_word' id='word_1_204' title='bbox 1514 2315 1679 2360; x_wconf 84' lang='grc' dir='ltr'>ΕΚΩΝ.</span> 
     </span>
    </p>

    <p class='ocr_par' dir='ltr' id='par_1_10' title="bbox 425 2385 1685 2513">
     <span class='ocr_line' id='line_1_29' title="bbox 478 2385 1685 2439; baseline -0.003 -12"><span class='ocrx_word' id='word_1_205' title='bbox 478 2388 535 2427; x_wconf 86' lang='lat' dir='ltr'><strong>Ex</strong></span> <span class='ocrx_word' id='word_1_206' title='bbox 575 2388 645 2426; x_wconf 89' lang='lat' dir='ltr'><strong>hoc</strong></span> <span class='ocrx_word' id='word_1_207' title='bbox 683 2388 787 2426; x_wconf 86' lang='lat' dir='ltr'><strong>fonte</strong></span> <span class='ocrx_word' id='word_1_208' title='bbox 824 2391 1001 2439; x_wconf 84' lang='lat' dir='ltr'><strong>perpetua</strong></span> <span class='ocrx_word' id='word_1_209' title='bbox 1036 2386 1205 2426; x_wconf 87' lang='lat' dir='ltr'><strong>confusio</strong></span> <span class='ocrx_word' id='word_1_210' title='bbox 1233 2385 1546 2438; x_wconf 87' lang='lat' dir='ltr'><strong>praepositionum</strong></span> <span class='ocrx_word' id='word_1_211' title='bbox 1577 2385 1618 2422; x_wconf 82' lang='grc' dir='ltr'><strong>ἐκ</strong></span> <span class='ocrx_word' id='word_1_212' title='bbox 1647 2388 1685 2423; x_wconf 89' lang='lat' dir='ltr'><strong>et</strong></span> 
     </span>
     <span class='ocr_line' id='line_1_30' title="bbox 425 2459 1048 2513; baseline -0.003 -11"><span class='ocrx_word' id='word_1_213' title='bbox 425 2462 477 2506; x_wconf 82' lang='grc' dir='ltr'><em>εἷς</em></span> <span class='ocrx_word' id='word_1_214' title='bbox 508 2461 553 2502; x_wconf 89' lang='lat' dir='ltr'><strong>de</strong></span> <span class='ocrx_word' id='word_1_215' title='bbox 582 2459 716 2513; x_wconf 91' lang='lat' dir='ltr'><strong>quibus</strong></span> <span class='ocrx_word' id='word_1_216' title='bbox 746 2459 832 2500; x_wconf 88' lang='lat' dir='ltr'><strong>vide</strong></span> <span class='ocrx_word' id='word_1_217' title='bbox 860 2459 950 2512; x_wconf 85' lang='lat' dir='ltr'><strong>Cap.</strong></span> <span class='ocrx_word' id='word_1_218' title='bbox 979 2459 1048 2500; x_wconf 92' lang='lat' dir='ltr'><strong>VI.</strong></span> 
     </span>
    </p>
   </div>
  </div>
 </body>
</html>
