1937 3075
993 265 1042 301 50

390 405 519 430 sanare
541 391 802 431 difficillimum
831 394 927 432 foret
954 394 1027 432 nisi
1061 393 1263 443 Dionysius
1291 392 1413 430 locum
1443 391 1551 430 nobis
1578 405 1653 429 ser-

389 469 523 504 vasset.
561 464 693 504 Exstat
715 466 815 518 apud
836 466 1072 518 Dionysium:
1103 467 1141 505 023
1162 467 1212 514 τῷ
1241 464 1340 514 θείῳ
1369 463 1445 504 καὶ
1473 463 1651 511 νομίμῳ

389 537 487 576 unde
506 529 796 578 Valckenaerius
825 543 948 578 noster
972 540 1010 578 in
1040 539 1193 578 Schedis
1220 538 1359 578 criticis
1387 537 1484 577 eruit
1513 538 1561 575 οὐ
1591 537 1651 585 τῷ

390 609 503 660 ὁσίῳ
542 612 624 650 καὶ
666 612 852 660 νομίμῳ
893 617 1005 664 atque
1048 612 1177 651 eadem
1211 626 1320 664 opera
1355 611 1523 650 salutem>
1548 609 1654 649 affert

387 684 598 735 Thucydidi
620 687 664 735 1).
699 684 840 723 Iterum
862 685 958 723 idem
981 685 1018 722 in
1042 689 1199 722 mentem
1227 685 1369 722 venisse
1390 683 1560 722 videmus
1580 682 1653 721 Do-

388 754 498 794 braeo
528 756 717 807 (Adverss.
746 756 787 803 I,
817 770 854 808 p.
886 758 968 806 58).
1025 756 1161 795 Fidelis
1193 755 1313 808 igitur
1339 755 1408 794 hac
1435 755 1474 793 in
1494 768 1533 793 re
1555 768 1653 793 sum-

389 841 536 867 morum
563 828 800 881 ingeniorum
828 832 884 867 est
911 828 1125 877 concordia,
1156 827 1342 880 optimum
1372 827 1448 866 veri
1477 826 1653 879 sigillum.

436 999 459 1041 ¹)
494 997 601 1041 Quam
627 997 710 1031 utile
736 997 780 1031 sit
810 997 844 1031 in
870 996 1059 1042 Thucydide
1085 996 1221 1041 legendo
1241 996 1423 1040 fragmenta
1446 997 1479 1028 et
1504 995 1656 1029 flosculos

390 1062 471 1094 quos
502 1051 590 1085 haud
624 1063 722 1096 parca
752 1063 851 1085 manu
876 1051 1006 1096 scriptis
1036 1050 1104 1084 suis
1135 1049 1275 1084 inseruit
1304 1048 1483 1093 Dionysius
1509 1047 1657 1083 Halicar-

389 1104 554 1137 nassensis
576 1116 649 1137 cum
674 1104 859 1148 pulvisculo
882 1106 1033 1137 excutere
1055 1114 1151 1146 saepe
1177 1101 1429 1135 evidentissimis
1459 1100 1656 1134 demonstra-

389 1158 461 1190 tum
484 1158 536 1191 est
566 1156 732 1202 exemplis.
780 1157 862 1191 Utar
889 1157 1053 1202 praesenti
1075 1155 1242 1190 occasione
1269 1157 1309 1188 ut
1335 1154 1370 1188 in
1396 1153 1508 1188 eodem
1531 1154 1657 1198 Thucy-

391 1209 476 1243 didis
502 1210 610 1253 capite
636 1212 678 1243 82
701 1221 788 1243 meas
811 1221 939 1253 quoque
969 1209 1222 1253 qualescumque
1247 1209 1333 1242 vires
1359 1208 1515 1252 experiar.
1548 1208 1658 1242 Verba

393 1277 476 1310 quae
502 1266 656 1300 correctis
683 1265 839 1299 continuo
866 1265 1065 1310 praecedunt
1087 1265 1165 1298 haee
1190 1266 1282 1298 sunt:
1314 1262 1349 1297 οὐ
1379 1265 1443 1307 γὰρ
1467 1265 1561 1306 μετα
1590 1264 1658 1297 τῶν

395 1323 554 1364 κειμένων
595 1322 698 1365 νόμων
738 1322 910 1366 ὠφελείαις
951 1323 988 1356 αἱ
1028 1323 1190 1356 τοιαῦται
1230 1320 1378 1366 ξύνοδοι,
1427 1321 1528 1357 ἄλλα
1567 1324 1659 1366 παρα

395 1382 476 1421 τοῦς
502 1380 726 1420 καθεστῶτας
754 1379 948 1425 πλεονεξία.
984 1382 1074 1415 Luce
1097 1382 1217 1416 clarius
1239 1384 1290 1415 est
1312 1381 1391 1425 quid
1412 1381 1531 1416 nobilis
1552 1393 1659 1415 rerum

392 1436 532 1480 scriptor
548 1436 706 1477 voluerit,
730 1435 809 1470 licet
828 1447 937 1470 veram
960 1448 1052 1470 suam
1075 1436 1272 1470 sententiam
1295 1435 1393 1470 simul
1416 1438 1449 1470 et
1471 1436 1660 1480 gravissime

394 1490 428 1521 et
449 1488 639 1522 brevissime
662 1488 865 1532 expresserit.
901 1489 1048 1531 Quacum
1072 1491 1148 1532 apte
1170 1488 1308 1522 conferri
1330 1490 1464 1532 possent
1483 1500 1555 1522 v.c.
1578 1499 1661 1532 quae

396 1539 436 1574 de
458 1540 602 1575 Aristide
623 1540 762 1586 legimus
784 1540 873 1586 apud
894 1540 1109 1575 Plutarchum
1134 1541 1229 1586 (Reg.
1246 1543 1280 1575 et
1294 1541 1449 1586 Imperat.
1465 1541 1661 1587 Apophth.):

400 1597 610 1640 Ἀριστείδης
642 1597 717 1631 δέὁ
750 1597 879 1637 δίκαιος
915 1597 967 1631 ἀεὶ
1005 1597 1079 1632 καθ’
1104 1598 1209 1632 afim-*ov
1244 1596 1470 1632 ἐπολιτεύετο
1504 1600 1562 1632 καὶ
1588 1600 1662 1639 >τεῖος

400 1657 571 1701 ἑταιρείας
609 1656 774 1702 ἔφευγεν,
819 1657 870 1697 ὡς
911 1660 985 1698 τῆς
1025 1657 1106 1692 ἀπὸ
1145 1657 1226 1692 τῶν
1265 1655 1401 1701 Φίλων
1441 1656 1663 1701 δυνάμεως

403 1715 579 1751 ἀδικεῖν
612 1716 890 1758 ἐπαιρούσης.
945 1718 990 1751 At
1019 1717 1047 1750 si
1077 1717 1151 1760 quis
1183 1716 1354 1761 vulgatam
1384 1717 1558 1752 lectionem
1592 1718 1664 1752 dili-

400 1774 515 1815 genter
536 1771 730 1816 perpendere
748 1771 853 1812 volet,
877 1770 1057 1814 intelliget,
1078 1772 1128 1803 sat
1151 1770 1233 1811 seio,
1256 1770 1342 1814 quod
1363 1771 1510 1814 equidem
1533 1772 1667 1806 firmiter

401 1824 482 1858 mihi
497 1835 686 1868 persuasum
702 1823 822 1864 habeo,
846 1834 949 1866 neque
970 1821 1194 1867 Thucydidem
1220 1833 1324 1866 neque
1347 1834 1542 1868 quemquam
1566 1824 1667 1858 alium

403 1877 474 1910 sive
496 1879 656 1911 oratorem
678 1877 747 1911 sive
769 1876 959 1910 historicum
982 1876 1030 1909 ita
1052 1875 1192 1909 scribere
1210 1875 1366 1919 potuisse.
1410 1877 1559 1911 Primum
1581 1877 1668 1911 enim

407 1932 571 1977 oppositio
589 1932 675 1966 inter
695 1931 879 1975 ὠφελείας
898 1932 933 1965 in
949 1931 1100 1965 Genitivo
1120 1934 1153 1965 et
1171 1929 1355 1976 πλεονεξία
1372 1933 1408 1966 in
1422 1933 1545 1967 Dativo
1562 1944 1669 1977 neque

406 1991 532 2025 usitata
570 1993 621 2025 est
653 2003 758 2035 neque
785 1992 890 2030 iusta;
912 1992 984 2024 tum
1011 1991 1172 2024 subiectum
1199 1987 1352 2034 ξύνοδοι,
1378 1991 1413 2025 ni
1439 1990 1550 2033 fallor,
1574 2002 1670 2036 aegre

403 2046 493 2079 caret
515 2056 574 2079 suo
591 2046 786 2089 praedicato.
836 2044 923 2088 Quid
945 2044 1069 2077 multa?
1091 2044 1268 2078 remedium
1288 2045 1444 2090 reperisse
1466 2045 1545 2079 mihi
1559 2045 1671 2080 videor

406 2114 473 2137 non
487 2102 586 2135 nimis
608 2101 800 2136 violentum.
831 2101 1019 2141 Suffecerit,
1044 2101 1072 2134 si
1094 2112 1145 2134 me
1175 2101 1284 2143 audis,
1313 2102 1468 2136 ultimum
1494 2101 1582 2137 ἰῶτα
1603 2105 1672 2137 sub-

404 2160 551 2202 scriptum
577 2160 722 2191 mutasse
747 2157 783 2191 in
803 2158 992 2200 adscriptum
1018 2166 1082 2199 quo
1105 2155 1192 2190 facto
1222 2156 1389 2201 scriptoris
1416 2168 1532 2190 manus
1553 2159 1672 2191 extem-

406 2213 463 2258 plo
494 2213 647 2258 pellucet.
692 2213 866 2247 Neminem
897 2212 983 2246 enim
1015 2212 1111 2245 facile
1146 2211 1262 2246 latebit
1294 2212 1449 2257 ὠφελίας
1476 2212 1672 2260 (ὠφελείας)

406 2272 473 2305 levi
500 2283 606 2306 errore
632 2273 802 2306 exaratum
825 2283 894 2305 esse
922 2282 979 2315 pro
1001 2269 1150 2313 ὠφελίαι
1173 2269 1366 2317 (ὠφέλειαι)
1388 2272 1437 2306 ita
1459 2274 1497 2306 ut
1523 2271 1614 2307 locus
1637 2272 1673 2307 in

406 2330 494 2364 hunc
520 2329 652 2365 modum
678 2329 927 2365 constituendus
950 2329 1010 2363 sit:
1035 2327 1070 2364 οὗ
1097 2331 1162 2373 γὰρ
1188 2332 1280 2372 μετα
1303 2332 1369 2366 τῶν
1391 2332 1548 2375 κειμένων
1570 2332 1673 2375 νόμων

410 2388 627 2433 ὠφέλειαι
662 2389 700 2422 αἱ
726 2389 891 2423 τοιαῦται
918 2386 1048 2432 ξύνοδοι
1080 2387 1182 2423 ἀλλὰ
1213 2392 1304 2433 παρα
1332 2393 1412 2431 τοῦς
1446 2391 1672 2432 καθεστῶτας

408 2463 434 2483 π
443 2454 468 2483 λ
478 2461 494 2483 ε
504 2462 518 2483 ο
530 2461 546 2482 ν
555 2462 571 2483 ε
581 2446 602 2492 ξ
616 2449 628 2482 ί
634 2461 656 2482 α
667 2462 687 2482 ι.

451 2505 670 2539 Confirmatur
685 2504 763 2538 haec
779 2503 964 2538 emendatio
982 2503 1102 2539 diserto
1117 2504 1307 2540 testimonio
1323 2505 1475 2551 Dionysii
1493 2507 1550 2552 qui
1565 2507 1674 2542 locum
