1937 3075
947 295 994 333 57

404 425 571 464 Evanuit
601 437 882 476 nonnumquam
907 424 1009 476 prior
1031 438 1114 477 pars
1143 424 1270 464 literae
1297 428 1341 463 ut
1379 424 1492 464 altera
1519 439 1603 478 pars

349 498 511 538 rotunda
539 518 588 532 =
607 504 639 537 Σ
669 502 815 537 tantum
838 498 1010 549 supersit.
1051 497 1246 548 Perperam
1275 512 1308 536 e.
1324 513 1360 549 g.
1389 513 1550 537 καταστ
1562 499 1603 543 ή-

351 571 490 609 σασθαι
530 584 596 623 pro
635 568 974 613 κατακτήσασθαι
1011 568 1190 620 scriptum
1228 582 1304 607 esse
1345 569 1385 608 in
1430 570 1605 609 Isocratis

351 643 579 694 Panegyrico
615 644 636 693 ξ
670 644 744 681 182
787 642 912 693 arguit
944 641 1106 692 optimus
1139 640 1255 679 codex
1291 640 1451 679 Urbinas
1494 647 1606 693 atque

352 714 472 754 simile
507 714 643 754 vitium
671 714 855 754 contraxit
883 727 1016 753 nomen
1043 711 1234 766 proprium
1263 718 1480 759 Κτησικλῆς
1510 716 1608 768 apud

352 788 638 839 Xenophontem
672 789 712 826 in
747 788 848 826 Hell.
878 787 953 835 VI,
984 789 1030 834 2,
1063 788 1111 824 10
1155 787 1253 837 quod
1296 787 1392 825 male
1434 787 1526 826 abiit
1568 787 1607 825 in

354 864 573 906 Στησικλῆς
606 859 668 912 (cf.
697 859 789 899 Cob.
823 860 907 899 Var.
937 859 1042 906 Lect.
1070 874 1107 911 p.
1141 861 1246 910 125).

407 932 696 971 Confunduntur
727 932 824 970 inter
860 945 898 970 se
936 937 981 974 Φ,
1016 936 1067 974 Τ,
1107 938 1161 977 Χ,
1191 937 1241 970 Ψ.
1299 932 1425 971 Litera
1454 937 1484 970 Φ
1514 932 1608 971 anti·

354 1005 482 1057 quitus
510 1006 550 1044 in
577 1005 859 1044 hunc-modum
887 1004 1107 1044 exarabant:
1140 1007 1209 1056 -Ι-.

408 1078 522 1116 Haud
550 1078 698 1116 difficile
726 1082 783 1117 est
819 1078 1012 1116 intellectu
1045 1078 1180 1130 quibus
1214 1079 1451 1129 potissimum
1480 1078 1609 1117 errori·

353 1149 424 1189 bus
457 1153 564 1189 vetus
607 1150 695 1190 haec
730 1150 912 1190 scribendi
953 1149 1071 1190 forma
1111 1164 1236 1190 ansam
1275 1150 1434 1200 dederit,
1478 1164 1609 1203 nempe

355 1224 707 1262 commutationibus
737 1238 821 1261 cum
851 1229 887 1261 T
918 1228 955 1262 et
985 1230 1030 1262 X.
1085 1224 1293 1262 Literarum
1333 1229 1363 1261 Φ
1394 1228 1431 1262 et
1459 1229 1494 1261 T
1525 1237 1609 1262 cum

356 1300 391 1332 Ψ
430 1295 598 1335 confusio
640 1299 762 1334 autem
807 1296 847 1334 in
884 1295 1057 1335 omnibus
1098 1295 1202 1335 libris
1243 1296 1427 1347 frequens.
1484 1297 1609 1335 Pauca

356 1368 521 1419 exempla
548 1368 586 1405 in
615 1380 654 1405 re
681 1368 875 1406 notissima
904 1368 1103 1407 sufficiunt.
1667 1349 1671 1353 ι

411 1444 446 1477 Τ
485 1439 576 1478 male
616 1440 752 1478 lectum
796 1441 895 1492 apud
931 1440 1144 1492 Euripidem
1190 1440 1336 1491 (Troad.
1367 1454 1402 1480 v.
1433 1442 1526 1492 275)
1570 1441 1609 1479 in

358 1512 579 1565 apographis
616 1513 806 1551 nonnullis
835 1513 977 1565 peperit
1022 1517 1227 1552 monstrum
1273 1513 1443 1552 lectionis
1480 1516 1609 1563 φοιτο-

357 1585 543 1632 βαμονος.
586 1586 731 1624 Codex:

466 1690 539 1736 ἐγὼ
570 1690 608 1728 δὲ
635 1690 685 1738 τῷ
716 1689 926 1737 πρόσπολος
957 1690 982 1728 οἱ
1012 1690 1367 1738 τριτοβάμονος
1398 1690 1482 1738 χερὶ

467 1761 647 1809 δευομένα
677 1762 847 1812 βάκτρου
877 1764 1016 1812 γεραιῷ
1047 1762 1160 1813 κάρα.

410 1875 496 1914 Sine
532 1875 611 1914 ullo
646 1875 786 1914 iudicio
824 1875 863 1914 in
901 1875 1028 1914 multis
1061 1875 1166 1914 libris
1201 1876 1411 1928 promiscue
1438 1876 1614 1928 leguntur

357 1949 534 1988 vocabula
576 1949 680 1996 τύχη
725 1953 762 1987 et
802 1949 914 1996 ψυχὴ
959 1962 1043 1987 cum
1088 1948 1302 1999 compositis
1345 1953 1381 1986 et
1424 1947 1612 1986 derivatis.

356 2020 470 2071 Quod
513 2021 648 2060 vitium
690 2021 764 2061 iam
794 2020 839 2061 ab
867 2020 1139 2073 antiquioribus
1171 2020 1369 2074 philologis
1402 2021 1611 2073 Stephano,

356 2095 538 2141 Gesnero,
579 2093 754 2141 cantero,
793 2093 874 2132 aliis
912 2094 1165 2145 compluribus
1205 2094 1296 2132 locis
1334 2094 1444 2131 tacite
1473 2106 1611 2132 correc-

355 2171 435 2205 tum
470 2170 539 2205 est.
597 2166 717 2205 Multa
751 2166 905 2205 collecta
943 2166 1053 2205 habet
1081 2167 1193 2204 Dorv.
1224 2166 1262 2204 in
1292 2164 1432 2204 charit.
1462 2180 1500 2216 p.
1530 2168 1608 2203 422

354 2253 422 2278 nec
444 2253 518 2278 non
543 2239 827 2277 Valckenaerius
856 2239 894 2277 in
919 2238 1080 2286 schedis,
1116 2239 1182 2289 qui
1211 2243 1335 2276 monet
1363 2238 1408 2276 de
1436 2238 1610 2277 adverbio

354 2314 525 2360 εὐτυχῶς
565 2312 605 2351 in
640 2312 821 2360 εὐψύχως
861 2312 1040 2351 mutando
1074 2311 1114 2349 in
1154 2311 1258 2350 Stob.
1295 2311 1420 2350 Floril.
1451 2326 1488 2364 p.
1519 2314 1610 2352 576.

353 2385 551 2424 Simillimo
593 2385 675 2423 loco
719 2385 889 2423 eamdem·
926 2384 1146 2423 medicinam
1189 2384 1278 2422 facit
1315 2383 1476 2423 Cobetus
1507 2385 1609 2435 (Var.

353 2457 456 2497 Lect.
496 2471 531 2509 p.
573 2459 610 2508 6)
653 2470 783 2509 nempe
825 2456 978 2508 Dionys,
1024 2455 1148 2495 Halic.
1184 2455 1269 2496 Lib.
1313 2456 1393 2504 IX,
1436 2457 1500 2496 29.
1545 2456 1609 2496 ubi

353 2529 527 2569 Reiskius
556 2528 758 2581 speciosius
786 2541 895 2580 quam
915 2528 1040 2568 verius
1069 2534 1276 2568 correxerat
1307 2529 1478 2577 ἀτυχῶς.
1510 2529 1608 2568 Nam
