1937 3075
987 276 1012 313 8

426 408 480 446 At
506 418 624 456 neque
651 404 691 442 in
718 403 844 442 vicina
871 402 1069 441 Germania.
1105 403 1243 442 criticis
1270 417 1337 442 sua
1363 404 1445 442 laus
1473 405 1619 450 constat

373 476 471 529 apud
506 478 645 516 omnes.
700 475 750 514 Et
786 474 875 514 olim
909 474 983 513 fuit
1014 479 1053 513 et
1088 488 1187 514 nunc
1222 480 1385 528 superest
1423 476 1622 516 obscurum

374 548 558 600 quoddam
579 560 696 599 genus
716 558 1002 601 anonymorum,
1032 546 1097 598 qui
1121 546 1304 606 quidquid
1326 561 1347 587 e
1368 548 1513 588 scriniis
1541 547 1625 601 phi-

373 621 598 673 lologorum,
627 619 849 659 nostratium
876 618 1079 671 imprimiS,
1116 619 1243 670 prodit
1280 619 1320 658 in
1346 620 1467 659 lucem
1495 619 1626 671 cupide

374 692 567 749 damnant,
598 691 803 745 despicatui
833 689 993 739 habent,
1028 689 1197 730 derident
1234 703 1319 731 cum
1353 690 1408 730 ira
1435 694 1474 731 et
1501 689 1628 730 studio

374 779 488 817 prope
503 764 755 803 Dorvillianis.
789 763 993 814 Ecquando
1015 764 1106 802 haec
1134 764 1236 802 natio
1258 764 1389 815 iniqua
1411 764 1507 803 bella
1531 777 1630 802 com-

375 837 511 891 ponet?
558 836 667 876 Nihil
694 840 819 876 tamen
846 835 1005 876 istorum
1034 836 1277 886 μικροψυχία
1306 850 1483 889 umquam
1511 836 1631 877 movit

376 911 569 962 populares
605 913 772 957 nostros,
811 910 878 960 qui
914 909 1024 957 μέγα
1061 913 1283 959 φρονοῦντες
1317 911 1378 950 illa
1406 910 1532 950 omnia
1558 923 1631 949 non

378 982 536 1023 multum
564 995 690 1022 curare
718 982 891 1022 assolent.

433 1055 475 1094 Si
512 1056 606 1094 sorte
642 1055 851 1106 quaerimus
883 1055 983 1093 unde
1021 1055 1170 1094 tandem
1208 1068 1265 1094 ars
1298 1068 1425 1094 revera
1462 1054 1634 1094 salutaris

381 1141 463 1182 cum
500 1127 590 1166 olim
627 1130 708 1165 tum
741 1127 843 1165 hisce
879 1128 1094 1179 praesertim
1125 1128 1354 1180 temporibus
1381 1131 1530 1167 tantum
1558 1127 1635 1166 odii

382 1198 622 1246 contraxerit,
663 1201 790 1236 tantae
825 1198 1075 1249 perversitatis
1107 1199 1247 1237 crimen
1291 1199 1514 1251 susceperit,
1562 1211 1638 1236 non

382 1270 554 1310 omnibus
577 1269 704 1310 eadem
729 1270 775 1309 de
799 1283 909 1310 causa
930 1270 1036 1310 illam
1060 1270 1219 1311 invisam
1243 1285 1321 1311 esse
1344 1274 1508 1324 apparet.
1543 1271 1640 1310 Sunt

383 1344 448 1395 qui
476 1344 531 1383 nil
557 1343 695 1382 bonum
723 1343 778 1381 nil
805 1343 898 1382 utile
921 1343 1060 1383 ducant
1080 1343 1156 1383 nisi
1180 1344 1282 1395 quod
1303 1344 1375 1396 ipsi
1401 1347 1638 1397 perspectum

382 1417 543 1457 habeant
581 1430 701 1468 neque
742 1415 907 1470 criticam
951 1430 1052 1468 ergo.
1109 1416 1164 1456 Hi
1204 1431 1280 1456 non
1320 1417 1495 1456 audiendi
1536 1420 1635 1456 sunt.

385 1490 480 1528 Aliis
515 1490 645 1529 critica
681 1489 835 1528 facultas
870 1489 1034 1538 videtur,
1073 1490 1197 1528 omnia
1234 1490 1371 1541 pariter
1406 1489 1446 1527 in
1479 1488 1637 1527 dubium

386 1562 571 1610 vocando,
614 1575 689 1600 non
729 1560 962 1600 librariorum
1005 1561 1269 1613 scriptorumve
1311 1575 1449 1601 errores
1490 1564 1637 1601 tantum

387 1634 451 1673 sed
478 1633 595 1686 ipsam
621 1633 836 1685 religionem
866 1633 1010 1672 tollere:
1051 1637 1187 1672 temere
1224 1633 1321 1672 enim
1350 1633 1571 1673 labefactare
1598 1637 1636 1672 et

388 1706 595 1745 convellere
635 1718 728 1757 quae
768 1718 909 1758 semper
951 1719 972 1743 a
1013 1705 1282 1757 sapientissimo
1325 1718 1474 1759 quoque
1511 1704 1639 1745 habita

388 1779 464 1818 sint
489 1777 699 1825 verissima3
736 1778 827 1828 quin
861 1777 972 1816 etiam
1009 1778 1167 1816 eximere
1195 1792 1241 1817 ex
1268 1778 1401 1817 animis
1429 1778 1640 1817 mortalium

389 1865 490 1903 spem
531 1853 667 1889 certam
708 1849 827 1889 futuri
864 1849 910 1889 ad
940 1849 1034 1901 bene
1060 1849 1238 1902 beateque
1265 1850 1467 1890 vivendum
1494 1854 1641 1891 tantum

390 1937 466 1962 non
493 1923 665 1962 omnibus
691 1921 796 1961 valde
823 1922 1076 1962 necessariam.
1124 1923 1205 1962 Alii
1232 1923 1393 1975 denique
1420 1924 1547 1973 multi,
1576 1924 1643 1963 ho-

391 1996 509 2036 mines
536 1993 673 2035 eruditi
701 1997 812 2047 atque
834 1994 1005 2044 humani,
1031 1994 1080 2035 de
1102 1995 1282 2048 religione
1309 1997 1451 2049 optima.
1478 2010 1645 2048 quaeque

394 2082 538 2122 sperare
565 2081 641 2108 non
674 2067 850 2107 desinunt
877 2067 1079 2120 literasque
1116 2067 1312 2108 nobiscum
1341 2072 1468 2109 amant
1495 2073 1533 2109 et
1560 2069 1648 2109 dili·-

394 2145 510 2195 gunt,
553 2141 724 2181 insanum
761 2154 848 2180 vero
884 2140 988 2180 istud
1020 2141 1176 2180 sanandi
1210 2142 1394 2191 studium,
1424 2156 1498 2193 quo
1534 2143 1648 2182 semel

364 2198 584 2268 ‘tamquam
619 2214 740 2254 furore
779 2213 959 2267 exagitati
985 2213 1040 2253 nil
1076 2215 1151 2254 nisi
1178 2228 1283 2254 urere
1310 2219 1348 2254 et
1375 2229 1497 2255 secare
1524 2216 1650 2269 cupia-

396 2301 498 2337 mus,
526 2287 567 2327 id
596 2287 746 2339 quidem
780 2287 913 2326 acriter
938 2287 1205 2340 perstringunt.
1262 2287 1434 2337 Iacebat,
1463 2292 1507 2328 ut
1529 2289 1650 2341 perhi-

397 2360 506 2408 bent,
546 2372 584 2398 se
615 2359 738 2411 pueris
772 2359 968 2411 nugatoria
1003 2359 1067 2398 illa
1104 2359 1252 2408 critica:
1295 2363 1386 2399 tunc
1426 2360 1573 2400 demum
1610 2363 1651 2400 in

398 2432 539 2471 honore
566 2434 671 2471 erant
701 2430 836 2470 Graeci
863 2433 902 2470 et
928 2430 1105 2470 Romani!
1156 2431 1329 2471 Florebat
1356 2432 1522 2472 studium
1551 2436 1651 2473 vete-

399 2503 450 2544 ris
477 2503 707 2555 eloquentiae
735 2506 773 2543 et
798 2503 941 2556 poesis3
978 2502 1183 2544 fabularum
1220 2505 1461 2544 amoenitates
1494 2505 1653 2546 delecta-

1453 2576 1496 2604 με
