1937 3075
944 293 993 329 95

393 419 558 460 Nomina
585 419 796 473 principum
823 420 863 459 in
890 434 1113 472 quocunque
1137 434 1266 473 genere
1290 421 1474 470 virorum,
1504 435 1590 474 poe-

339 498 481 541 tarum,
509 494 836 546 philosophorum,
865 493 1209 546 grammaticorum,
1240 493 1424 545 prioribus
1441 497 1589 532 tantum

339 566 457 605 literis
483 566 706 606 indicantur.
765 566 858 605 Inde
885 566 928 604 fit
956 569 1000 604 ut
1027 579 1094 617 pro
1124 565 1139 603 ὅ
1171 565 1410 611 Δημοσθένης
1432 565 1591 604 subinde

339 637 552 690 scripserint
570 638 586 676 ὅ
613 638 786 687 δῆμος,
802 651 869 690 pro
886 641 1055 686 Ξενοφῶν
1080 636 1212 684 ξένος
1242 650 1308 689 pro
1329 637 1344 675 ὁ
1367 640 1590 685 Σοφοκλῆς,

338 709 354 747 ὁ
385 725 435 749 σο
448 714 479 759 φ
492 710 553 754 ός.
588 710 782 750 Contrario
806 724 927 750 errore
949 710 1014 762 qui
1035 710 1075 749 in
1096 709 1222 761 aliqua
1246 712 1323 748 arte
1343 708 1591 761 principatum

337 786 439 822 tenet
454 781 494 834 (ἄ
503 797 520 832 ρ
530 798 540 821 ι
550 798 572 821 σ-
581 798 604 821 τ
612 798 627 822 ο
638 784 671 834 ς)
687 797 708 821 a
722 783 878 822 librariis
893 782 1094 835 appellatur
1107 781 1389 831 Ἀριστοτέλης.
1413 781 1469 819 De
1479 781 1592 832 Apol-

336 854 437 893 lonio
470 855 633 894 diximus
662 854 794 907 Capite
823 855 870 894 V.
927 855 1067 894 Eodem
1102 854 1320 907 compendio
1348 853 1449 905 quod
1477 853 1591 905 signi-

335 928 422 966 ficat
460 927 581 977 ἥλιος,
616 928 840 975 Ἀπόλλων,
878 928 1154 976 ’Λπολλώνιος,
1187 931 1344 966 utuntur
1370 940 1437 979 pro
1466 925 1590 965 Ἡλιό-

335 1000 465 1049 δωρος,
500 1001 717 1044 Ἡλιόπολις
760 1005 830 1040 etc.
893 1000 1089 1040 Caeterum
1123 1000 1270 1038 ridiculi
1305 1012 1443 1038 errores
1481 1013 1589 1038 omne

334 1087 451 1125 genus
480 1073 616 1125 quibus
643 1074 734 1112 haec
762 1073 998 1112 abbreviandi
1027 1072 1178 1112 licentia
1206 1086 1333 1110 ansam
1357 1071 1480 1120 dedit,
1503 1085 1587 1110 cum

333 1145 549 1196 saepissime
592 1159 690 1184 error
726 1159 883 1184 errorem
926 1145 1048 1183 trahat
1090 1144 1340 1196 pristinaeque
1382 1144 1586 1195 scripturae

334 1229 401 1254 nec
438 1216 523 1255 vola
560 1231 628 1256 nec
667 1216 868 1268 vestigium
910 1216 1160 1267 relinquatur,
1199 1230 1244 1256 ex
1282 1216 1393 1255 certis
1432 1215 1585 1267 quibus·

332 1287 416 1326 dam
450 1289 589 1340 regulis
623 1289 934 1341 palaeographicis
962 1288 1130 1340 indagari
1159 1288 1375 1339 neutiquam
1404 1292 1582 1340 possunt:

332 1360 450 1400 multo
492 1361 609 1414 magis
651 1361 869 1402 emendandi
911 1365 999 1400 sunt
1044 1375 1090 1400 ex
1130 1365 1299 1401 accurata
1341 1360 1580 1414 scriptorum,

331 1436 558 1485 temporum,
601 1447 721 1472 rerum
757 1447 852 1484 quae
887 1437 1111 1482 tractantur,
1149 1433 1297 1473 notitia.
1355 1433 1460 1483 Quae
1493 1434 1583 1473 artis

333 1505 481 1544 criticae
522 1519 595 1544 non
640 1509 783 1545 tantum
827 1507 883 1557 (ut
924 1505 1219 1558 palaeograpbia)
1263 1506 1490 1545 tutissimum
1528 1510 1584 1545 est

330 1578 553 1629 praesidium
587 1582 624 1617 et
652 1578 905 1617 adiumentum
935 1578 998 1617 sed
1025 1578 1253 1630 principium
1275 1583 1313 1617 et
1340 1579 1437 1618 fons.

391 1649 628 1701 Quicumque
670 1650 786 1701 igitur
828 1650 868 1689 in
908 1654 1074 1689 veterum
1113 1650 1289 1690 librorum
1327 1650 1583 1690 emendatione

329 1735 415 1761 cum
450 1722 576 1761 fructu
609 1722 746 1761 versari
783 1722 878 1762 volet
914 1723 946 1761 is
979 1726 1064 1762 ante
1100 1723 1225 1762 omnia
1256 1723 1322 1762 diu
1355 1727 1393 1762 et
1420 1724 1581 1763 multum

327 1795 428 1847 apud
468 1795 632 1834 animum
675 1809 783 1835 suum
826 1795 1022 1836 deliberet:
1058 1793 1163 1844 ‘ffApoz
1202 1810 1250 1843 γε
1288 1797 1514 1843 γιγνώσκεις
1553 1795 1579 1836 ἃ

326 1868 629 1915 ἀναγιγνώσκεις
639 1884 650 1916 ;
