1937 3075
948 243 997 280 62

344 369 481 408 ἀᾶται.
543 368 645 408 Hinc
686 368 826 408 factum
860 372 903 408 ut
946 382 1053 421 saepe
1089 368 1129 407 in
1157 368 1258 407 varia
1296 372 1460 408 monstra
1487 369 1607 408 abeat.

344 441 442 480 Vide
467 441 645 479 Valcken.
675 441 722 479 ad
751 443 926 480 Ammon.
955 454 992 493 p.
1019 443 1096 479 248
1126 440 1173 479 in
1194 439 1342 480 Scholio
1372 440 1504 481 misere
1531 454 1610 481 cor·

344 518 456 567 rupto
484 513 614 566 ibique
643 514 692 554 cf.
723 514 849 554 Schol.
880 514 1034 554 Veneta.
1090 513 1194 553 Clare
1222 514 1291 553 tibi
1317 515 1512 566 apparebit
1544 528 1609 566 pro

346 588 367 633 ἤ
398 586 476 627 εἴτε
505 586 704 640 legendum
734 600 813 627 esse
842 588 862 633 ἧ
893 586 983 633 ἄτη.

403 662 458 700 De
487 676 513 699 οε
542 665 581 699 et
610 676 650 699 ευ
685 661 923 699 commutatis
960 660 1111 699 omnino
1145 660 1336 698 adeundus
1375 663 1430 698 est
1462 659 1611 699 Monte·

346 733 531 773 falconius
570 733 665 785 (Pal.
705 731 770 772 Gr.
810 747 848 784 p.
879 734 973 784 343)
1010 733 1075 784 qui
1113 732 1350 785 probabiliter
1388 747 1446 772 me
1488 733 1612 772 iudice

347 805 520 845 emendat
550 804 785 843 Herodotum
823 804 923 854 (Lib.
953 804 1022 853 IV,
1065 806 1156 855 191)
1186 818 1253 856 pro
1285 805 1612 852 ἀκατάψευστα

347 878 455 926 θηρία
483 878 653 924 inmeiat
669 890 834 914 xva-‘roc
865 876 1001 914 beatiae
1028 876 1281 915 intractabiles
1309 890 1502 928 reponenS.
1540 876 1612 916 Fu-

348 951 405 1003 git
428 950 519 989 haec
544 948 755 989 emendatio
775 948 961 987 editorum
977 948 1227 1001 diligentiam,
1250 962 1408 1000 quorum
1423 949 1614 988 Bekkerus

348 1027 386 1062 et
426 1022 644 1075 Kruegerus
680 1025 888 1072 sequuntur
925 1020 1120 1060 Reiskium
1158 1021 1408 1074 perfunctorie
1447 1025 1488 1061 ut
1522 1021 1615 1061 solet

349 1096 453 1144 θηρία
486 1094 750 1143 καταψευστοὲ
782 1094 1049 1145 corrigentem,
1080 1094 1277 1133 Dietschio
1312 1094 1406 1133 nihil
1434 1094 1613 1134 suboluit.

404 1168 740 1220 Frequentissimus
767 1167 830 1205 hic
859 1179 959 1205 error
995 1170 1052 1205 est
1087 1166 1127 1205 in
1159 1166 1352 1205 adiectivis
1380 1171 1418 1205 et
1446 1166 1616 1205 substan-

351 1241 438 1280 tivis
470 1240 516 1279 ab
555 1255 580 1278 α
603 1239 805 1292 'privativo
844 1243 881 1277 et
923 1253 963 1277 ευ
1007 1238 1283 1290 incipientibus,
1340 1238 1435 1287 Quis
1476 1239 1615 1285 nescit,

351 1317 394 1352 ut
422 1313 496 1352 hoc
528 1316 629 1361 utar,
670 1312 826 1359 εὔλογον
865 1314 903 1350 et
942 1310 1084 1358 ἄλογον
1121 1325 1141 1350 e
1169 1311 1319 1363 regione
1347 1311 1444 1350 inter
1471 1325 1509 1350 se
1538 1325 1616 1351 esse

353 1386 551 1439 opposita?
608 1385 815 1438 Disputant
843 1389 966 1424 tamen
995 1384 1154 1424 editores
1182 1399 1257 1424 non
1287 1385 1365 1424 sine
1393 1385 1447 1423 ira
1475 1389 1512 1423 et
1540 1388 1617 1423 stu-

353 1458 415 1496 dio
452 1462 577 1496 utrum
618 1457 751 1496 horum
792 1470 941 1508 quoque
978 1457 1058 1495 loco
1100 1461 1288 1496 exaratum
1328 1458 1388 1497 sit.
1446 1457 1596 1496 Frustra
1605 1474 1616 1507 3

353 1531 454 1571 nulla
483 1530 582 1571 enim
611 1534 666 1570 est
693 1530 732 1569 in
763 1529 899 1569 talibus
929 1529 1100 1570 codicum
1128 1531 1342 1571 auctoritas,
1400 1531 1488 1570 Solo
1521 1531 1618 1570 iudi-

354 1606 412 1644 cio
442 1604 638 1652 standum3
667 1600 803 1643 τᾶλλα
833 1604 948 1653 κωφοὶ
978 1604 1042 1642 καὶ
1073 1603 1224 1653 τυφλοὶ.
1269 1604 1381 1657 Apud
1408 1604 1617 1644 Lucianum

355 1679 402 1717 de
444 1678 573 1717 Sacris.
613 1679 634 1730 ᾧ
667 1679 715 1716 13
745 1691 777 1717 e.
803 1691 835 1717 c.
875 1691 959 1717 cum
987 1677 1126 1717 Cobeto
1163 1677 1446 1729 corrigendum:
1486 1677 1550 1716 καὶ
1580 1677 1620 1716 τί

356 1749 433 1798 γὰρ
467 1751 533 1788 οὐκ
562 1749 714 1796 ἀσεβὲς
746 1750 948 1795 ἕπιτελῶη
983 1749 1095 1802 (Vide
1124 1750 1211 1789 Var.
1241 1750 1346 1789 Lect.
1375 1764 1411 1802 p.
1447 1751 1522 1788 121
1553 1749 1621 1789 ubi

356 1823 473 1863 multa
502 1837 548 1862 ex
575 1823 645 1862 hoc
664 1836 798 1875 genere
825 1823 959 1875 affert.)
989 1826 1026 1862 et
1054 1822 1108 1861 sic
1135 1822 1274 1874 ubique
1302 1822 1500 1876 legendum
1521 1822 1623 1874 quod

358 1897 525 1948 postulat
553 1895 748 1935 verborum
779 1900 988 1935 contextus.

414 1967 444 2015 β
474 1981 547 2019 qua
576 1967 696 2007 forma
724 1968 938 2008 etiamnunc
962 1968 1104 2008 utimur
1132 1967 1313 2020 scriptum
1341 1981 1624 2020 nonnumquam

360 2041 519 2081 habetur
546 2055 614 2094 pro
644 2042 661 2080 θ
692 2041 772 2081 viee
800 2056 925 2082 versa:
963 2041 1050 2090 βίου
1087 2046 1125 2082 et
1152 2041 1246 2081 θείου
1279 2041 1366 2082 inde
1399 2045 1624 2095 permutata,

362 2115 506 2162 λαβεῖν
540 2118 578 2154 et
604 2115 735 2154 λαθεῖν
762 2116 792 2167 1)
832 2115 907 2154 fuit
945 2116 1057 2155 etiam
1085 2116 1152 2168 qui
1180 2128 1248 2168 pro
1275 2115 1472 2169 participio
1499 2115 1628 2155 aoristi

364 2186 468 2228 verbi
497 2186 687 2238 καθαίρειν
716 2187 855 2241 legeret
883 2187 1074 2238 καιβήρικς.

411 2306 437 2350 ¹)
472 2304 638 2350 Aristoph.
660 2304 785 2340 Eecles.
810 2305 852 2346 V,
877 2306 919 2340 26
942 2305 991 2340 ita
1013 2304 1121 2341 editur
1143 2318 1162 2340 a
1184 2306 1368 2342 Dindorfio:

590 2361 608 2401 ἢ
636 2362 805 2405 θαίμάτια
831 2362 993 2406 τάνδρεῖα
1020 2365 1217 2405 κλεψάσαις
1243 2365 1410 2407 λαβεῖν

592 2419 625 2461 ἔν
651 2422 813 2466 χαλεπὸν
840 2421 978 2463 αὐταῖς.

414 2482 577 2526 Equidem
599 2483 744 2526 praefero
766 2481 939 2516 lectionem
969 2481 1048 2517 edit.
1069 2482 1331 2517 Burmannianae
1354 2481 1480 2516 λαθεῖν.
