1937 3075
914 284 916 287 y
985 241 1063 279 104

983 372 1071 414 XV.

445 482 493 521 In
529 482 641 522 Corn.
669 481 770 536 Nep.
799 482 881 523 Vit.
907 483 1038 522 Them.
1065 482 1156 535 Cap.
1185 482 1284 532 VH,
1313 484 1335 536 §
1358 484 1384 521 4
1411 483 1652 523 resecandum

393 558 449 594 est
474 555 695 608 languidum
723 555 1036 596 additamentum:
1057 554 1205 606 patrios
1232 570 1276 597 ac
1292 559 1463 607 penateo.

973 681 1085 723 XVI.

447 801 625 842 Aeschin.
644 801 748 841 Orat.
773 803 902 840 contra
922 800 1018 840 Tim.
1048 802 1069 853 ξ
1100 801 1176 840 156
1204 799 1394 841 liberanda
1421 805 1478 841 est
1508 801 1652 842 insulso

393 873 629 913 emblemate:
669 874 717 917 ὥς
756 871 1037 922 παραπλησίως
1067 872 1182 911 αὐτὸν
1211 871 1277 911 καὶ
1312 871 1365 911 τὰ
1397 876 1467 917 τῆς
1504 872 1653 916 πόλεως

397 944 645 991 διοικήσοντα.

967 1042 1096 1084 XVII.

447 1164 576 1205 Cicero
608 1142 825 1204 Orationem'
833 1178 904 1214 pro
936 1164 981 1208 Q.
1001 1164 1152 1214 ffiqario
1180 1176 1257 1203 non
1287 1163 1432 1204 habuit.

951 1291 1104 1332 XVIII.

447 1410 496 1448 In
523 1409 647 1450 Sehol.
681 1410 729 1449 ad
764 1408 878 1448 Hom.
915 1408 988 1449 od.
1018 1414 1054 1447 A
1082 1423 1117 1449 v,
1148 1410 1225 1448 568
1252 1421 1363 1448 aurea
1388 1408 1513 1448 nescio
1542 1409 1650 1449 cuius

390 1481 620 1534 grammatici
653 1481 863 1522 observatio
890 1481 944 1521 ita
972 1480 1188 1534 corrigenda
1216 1484 1290 1521 est:
1331 1483 1410 1525 πῶς
1440 1479 1537 1520 εἶδε
1566 1481 1652 1521 τού-

392 1569 479 1598 τους
509 1554 588 1593 καὶ
615 1554 702 1597 τοὺς
739 1554 893 1597 λοιποὺς
920 1553 991 1593 ἔσω
1019 1556 1093 1592 τῶν
1118 1553 1249 1592 “Λιδου
1279 1557 1408 1593 πυλῶν
1436 1553 1571 1598 &umen

446 1625 578 1667 Paullo
606 1626 704 1666 infra
731 1626 778 1666 ad
805 1639 842 1666 v.
873 1627 949 1666 580
980 1640 1048 1679 pro
1077 1622 1195 1666 εἶναι
1225 1626 1428 1679 requiritur
1456 1625 1650 1667 εἰδέναι.

966 1753 1079 1794 XIX.

449 1862 561 1914 Ovid.
587 1861 700 1901 Trist.
723 1859 808 1901 Lib.
836 1860 870 1910 1,
899 1861 1006 1915 Eleg.
1037 1864 1060 1901 5
1100 1856 1160 1922 (0
1188 1861 1281 1901 mihi
1308 1865 1393 1914 post
1420 1863 1519 1902 ullos
1547 1876 1653 1902 num-

396 1949 507 1986 quam
545 1933 780 1974 memorande
826 1932 969 1972 sodales
1002 1930 1015 1981 ΙΙ
1045 1933 1080 1973 Ο
1115 1933 1178 1973 cui
1218 1935 1416 1987 praecipue
1456 1949 1534 1975 sors
1575 1949 1655 1975 mea

395 2008 476 2046 visa
503 2020 574 2046 sua
609 2006 715 2058 (Leg.
745 2005 826 2056 tua)
858 1999 938 2063 est)
980 2018 1026 2044 ex
1062 2005 1208 2045 duobus
1246 2005 1471 2046 carminibus
1509 2011 1655 2047 constat

390 2080 498 2132 plane
526 2078 694 2119 diversis.
751 2077 921 2116 Alterum
949 2076 1082 2129 incipit
1110 2092 1131 2116 a
1159 2091 1269 2117 versu
1297 2079 1365 2118 45.

966 2201 1074 2242 'XX.

453 2318 499 2357 In
533 2318 645 2358 Corn.
673 2317 772 2369 Nep.
800 2315 881 2356 vit.
917 2315 1034 2356 Phoe.
1070 2316 1143 2355 fine
1176 2314 1406 2368 ineptissima
1441 2315 1553 2355 lectio
1586 2314 1655 2355 cir·

395 2390 618 2430 oumfertur:
661 2390 711 2428 In
737 2390 802 2430 hoc
828 2391 977 2428 tantum
1006 2388 1080 2428 fuit
1108 2387 1237 2428 odium
1264 2387 1529 2428 multitudinis,

449 2462 532 2501 Imo
560 2461 602 2500 in
628 2462 736 2501 hune.
