1937 3075
969 258 1020 296 26

365 389 413 428 Id
441 389 567 442 ipsum
604 393 728 428 tamen
764 389 893 441 paucis
927 389 1126 442 contingit.
1183 388 1292 428 Valet
1328 391 1540 428 etiamnunc
1581 389 1627 428 de

366 463 497 503 multis
524 461 752 502 editionibus
787 462 914 502 inutili
942 462 1231 515 discrepantium
1263 463 1528 515 scripturarum
1556 462 1627 502 far-

364 534 493 588 ragine
536 533 784 583 „instructis”
816 535 917 586 quod
957 535 1148 575 verissime
1189 534 1445 588 pronuntiavit
1481 534 1627 574 Dorvil-

364 606 460 648 lius:
506 606 560 659 (in
599 606 742 647 Charit.
775 622 813 659 p.
844 608 937 658 683)
984 608 1058 655 ''In
1098 608 1229 660 primis
1270 607 1497 647 editionibus
1536 607 1627 647 haec

366 679 493 719 omnia
521 679 636 719 fuisse
672 682 816 719 retenta
849 679 952 718 haud
985 679 1294 732 improbandum,
1337 680 1450 720 etiam
1483 679 1628 732 antiqui

366 753 526 793 alicuius
554 752 857 805 orthographiam
887 752 1025 792 codicis
1063 752 1310 792 animadverti
1338 753 1537 793 utilitatem
1565 754 1628 793 ha-

366 826 510 875 buerit,
546 830 589 865 ut
622 825 760 865 saeculi
798 839 938 865 morem
975 826 1161 865 scribendi
1200 830 1237 865 et
1264 826 1352 866 inde
1380 827 1503 867 fontes
1531 840 1628 866 erro-

365 913 448 937 rum
483 912 706 951 cognoscere
735 897 987 946 addiscamus,
1015 902 1053 937 at
1084 902 1158 937 tam
1186 898 1305 938 futilis
1334 904 1370 938 et
1399 913 1493 951 quae
1521 913 1628 938 num-

368 985 480 1023 quam
529 971 648 1011 doctis
697 970 937 1023 scriptoribus
984 971 1138 1023 probata
1180 971 1230 1010 sit
1279 975 1315 1011 et
1356 971 1442 1011 unis
1490 972 1629 1024 ignaris

366 1043 529 1082 librariis
564 1043 739 1082 debeatur
774 1043 903 1092 lectio,
941 1056 1007 1082 cur
1043 1041 1319 1096 propagetur”?
1374 1042 1528 1096 Optima
1565 1043 1628 1083 ob-

368 1118 529 1156 servatio
558 1121 596 1155 et
628 1131 772 1155 summo
802 1117 883 1154 viro
920 1117 1054 1168 digna;
1085 1130 1159 1167 quo
1187 1117 1305 1168 magis
1336 1117 1545 1155 mirandum
1574 1122 1630 1155 est

367 1189 585 1230 tralaticiam
627 1189 800 1229 codicum
834 1189 1092 1229 auctoritatem
1128 1189 1198 1242 ipsi
1228 1189 1414 1229 Dorvillio
1444 1189 1630 1229 interdum

369 1268 445 1302 tam
475 1263 621 1315 egregie
649 1263 872 1315 imposuisse
899 1264 942 1314 1).
1000 1262 1097 1310 Qui,
1127 1266 1172 1300 ut
1198 1263 1270 1301 hoc
1299 1267 1400 1310 utar,
1436 1276 1522 1314 pag.
1553 1264 1629 1300 695

370 1349 444 1374 non
474 1335 622 1374 criticos
652 1339 798 1374 tantum
834 1334 898 1374 sed
932 1335 1049 1387 ipsam
1088 1348 1213 1374 sanam
1243 1334 1408 1374 criticam
1437 1348 1523 1387 prae
1552 1334 1631 1373 vul·

369 1412 456 1461 gata
483 1408 643 1448 lectione
673 1423 842 1461 spernere
871 1408 964 1447 mihi
987 1408 1134 1447 videtur
1153 1408 1219 1447 ubi
1248 1408 1370 1446 multo
1398 1407 1630 1448 ambitiosius

370 1496 481 1535 quam
515 1481 699 1522 efficacius
735 1481 901 1522 defendit
937 1481 1024 1522 libri
1056 1481 1140 1522 MS.
1179 1480 1283 1522 unici
1319 1482 1488 1527 καινὴν
1520 1482 1630 1522 istam

371 1555 606 1605 ζηλοτυπίαν
636 1558 764 1594 contra
792 1555 934 1599 κενὴν
965 1554 1199 1603 ζηλοτυπίαν
1228 1555 1453 1596 charitonis.
1507 1556 1631 1607 Atque

370 1629 479 1682 plura
506 1628 667 1682 proferre
694 1642 838 1681 possem
866 1627 1031 1668 eiusdem
1061 1627 1201 1667 farinae
1232 1628 1264 1667 si
1292 1632 1370 1668 tam
1398 1628 1488 1668 utile
1520 1642 1632 1680 quam

371 1701 478 1741 facile
501 1703 609 1740 esset.
653 1700 725 1739 Sed
753 1700 849 1740 nihil
878 1714 971 1754 opus
1001 1703 1057 1739 est
1081 1700 1246 1739 virorum
1274 1700 1467 1740 doctorum
1496 1714 1633 1741 errores

372 1775 419 1813 de
448 1774 632 1813 industria
659 1787 860 1825 exponere;
901 1774 954 1812 ita
987 1777 1211 1813 statuamus:
1243 1774 1427 1813 vocalium
1462 1778 1500 1813 et
1527 1775 1633 1827 diph-

373 1847 597 1899 thongorum
627 1845 932 1900 orthographiam
961 1846 1078 1886 nostri
1110 1845 1252 1898 ubique
1282 1860 1360 1886 esse
1388 1846 1551 1896 arbitrii;
1581 1847 1633 1887 sic

374 1922 525 1961 demum
563 1920 656 1972 quid
692 1934 840 1972 quoque
866 1920 948 1959 loco
978 1934 1104 1959 verum
1134 1919 1185 1958 sit
1214 1919 1305 1970 quid
1332 1919 1466 1959 falsum
1495 1921 1552 1959 vel
1579 1921 1634 1959 in-

374 1994 465 2033 vitis
493 1993 717 2033 membranis
745 1993 845 2046 apud
873 2007 1000 2032 omnes
1023 1993 1152 2033 harum
1173 2006 1294 2032 rerum
1322 1993 1464 2033 iudices
1492 1993 1636 2045 liquido

375 2066 573 2105 constabit.
631 2066 712 2105 Iam
750 2066 849 2117 quod
887 2066 1070 2105 contendo
1110 2065 1253 2104 idoneis
1282 2065 1459 2117 exemplis
1487 2066 1636 2104 demon-

375 2143 489 2179 strare
519 2138 690 2179 conabor.

421 2393 445 2435 ¹)
481 2393 761 2438 παραιΣεῖγμκτ-ος
789 2394 888 2428 ἕνεκα
915 2393 1151 2437 inspiciendum
1182 2392 1269 2436 quod
1302 2394 1413 2426 narrat
1434 2393 1474 2427 de
1491 2395 1641 2436 pullariis

377 2449 574 2493 quibusdam
597 2450 632 2484 in
653 2449 768 2484 castris
792 2449 932 2484 Persicis
957 2450 1001 2493 (p.
1022 2450 1097 2492 588)
1121 2447 1179 2481 ubi
1198 2448 1238 2482 cf.
1255 2448 1335 2482 Cob.
1350 2448 1390 2482 de
1406 2449 1485 2482 Arte
1501 2449 1640 2493 Interpr.

378 2515 410 2546 p.
434 2504 476 2538 74
499 2514 565 2545 seq.
