1937 3075
991 290 1040 325 52

544 415 598 453 σοὶ
631 415 719 460 Ζῆν’
738 417 776 460 ἐς
807 417 912 460 εὐνὴν
942 415 1065 465 ὥσπερ
1096 415 1283 465 ἄνθρωπον
1312 421 1458 463 μολεῖν.

431 525 589 564 Prorsus
617 526 749 565 eodem
777 526 889 565 modo
923 530 1083 565 erratum
1126 541 1147 565 a
1189 526 1459 565 numismaticis
1494 527 1558 577 qui
1599 526 1640 565 in

375 598 543 637 nummis
572 598 720 638 Doricis
748 598 834 637 Τόιν
863 612 929 650 pro
958 598 1037 637 Ζδιν
1066 599 1252 650 legebant.

433 676 487 716 H,
519 677 571 718 K,
602 676 660 716 N,
692 678 727 710 Π
757 676 835 715 TI,
867 676 922 709 IT
966 672 1006 711 in
1047 675 1205 723 utraque
1246 672 1428 724 scriptura
1467 672 1639 712 facillime

372 745 472 784 inter
507 758 546 784 se
584 744 765 784 confundi
806 748 974 797 possunt.
1032 744 1107 785 Vix
1146 744 1264 796 igitur
1304 744 1443 796 ubique
1479 748 1638 784 statuere

372 817 492 868 possis
525 822 652 856 utrum
692 831 735 856 ex
774 818 911 856 unciali
948 817 1051 856 locus
1085 817 1205 856 labem
1242 818 1466 856 contraxerit
1504 831 1550 856 an
1592 831 1636 856 ex

371 889 594 929 minuscula.
652 889 891 941 Quamquam
921 890 1032 929 huius
1056 890 1110 929 rei
1134 904 1280 941 quoque
1310 883 1409 929 certa
1438 903 1544 942 saepe
1572 890 1636 929 ad-

369 965 460 1000 sunt
488 961 641 1001 indicia.
692 963 947 1009 Ἠνδαὶλιμος,
980 966 1023 1001 ut
1049 962 1121 1001 hoc
1149 965 1245 1009 utar,
1275 966 1478 1001 monstrum
1507 962 1635 1001 lectio-

371 1035 430 1074 nis
461 1048 527 1087 pro
557 1035 766 1082 κυδάλιμος
797 1035 895 1074 unde
933 1039 1061 1074 natum
1099 1035 1148 1074 sit
1177 1035 1273 1074 clare
1302 1038 1453 1087 apparet
1481 1048 1525 1074 ex
1553 1049 1633 1087 per-

370 1106 580 1146 mutatione
610 1121 627 1144 ν
657 1112 694 1146 et
727 1122 747 1146 υ
777 1111 888 1158 atque
919 1107 1098 1146 eiusmodi
1130 1106 1222 1157 quid
1256 1119 1326 1145 usu
1365 1107 1468 1145 venit
1503 1106 1632 1145 formis

369 1180 585 1227 σύγκλυδες
616 1186 653 1220 et
681 1181 885 1226 συνήλυδες
905 1180 1109 1219 identidem
1133 1179 1339 1231 permixtis,
1370 1179 1403 1217 Ε
1431 1183 1558 1218 contra
1587 1193 1631 1218 ex

365 1253 483 1292 altero
518 1254 621 1293 fonte
645 1253 774 1306 procul
807 1253 923 1292 dubio
957 1256 1153 1292 manarunt
1176 1265 1313 1291 errores
1342 1265 1437 1303 quos
1464 1255 1630 1291 recenset

366 1325 528 1365 Cobetus
550 1325 664 1377 (Nov.
680 1325 784 1365 Lect.
808 1340 844 1378 p.
863 1325 957 1378 745)
974 1324 1038 1364 ubi
1055 1330 1087 1363 H
1104 1338 1170 1378 pro
1184 1329 1229 1363 IC
1248 1326 1272 1377 (ι
1286 1325 1320 1377 ς)
1335 1324 1486 1364 lectum.
1528 1324 1627 1364 Nam

365 1398 544 1438 ambabus
570 1398 631 1437 his
658 1398 774 1437 literis
803 1413 847 1441 ις
883 1398 987 1437 nullo
1023 1398 1142 1450 spatio
1181 1397 1348 1437 diremtis
1382 1398 1460 1437 exit
1495 1397 1628 1450 Kappa

364 1469 476 1521 (Vide
502 1469 632 1522 paullo
657 1470 781 1521 infra).

416 1542 489 1580 Pro
529 1541 809 1589 ἐξηρτισμένος
850 1543 947 1595 apud
980 1542 1207 1595 Hesychium
1243 1556 1274 1581 e.
1298 1556 1334 1594 g.
1373 1542 1625 1594 reponendum

363 1618 420 1654 est
447 1613 709 1664 ἐξηρτημένος
741 1615 793 1666 (Ι,
823 1629 860 1667 p.
892 1616 987 1666 375)
1017 1619 1054 1654 et
1083 1615 1147 1662 II,
1175 1630 1212 1668 p.
1241 1616 1320 1654 233
1351 1614 1623 1664 ε’μβρόντκτος

361 1701 427 1738 pro
457 1687 746 1736 ἕμβρόντιστος
776 1692 847 1727 etc.

416 1760 523 1800 Idem
544 1760 643 1800 valet
667 1760 713 1800 de
732 1760 816 1799 loco
836 1760 876 1799 in
896 1759 1090 1812 Aristoph.
1113 1758 1291 1799 Nubibus
1321 1760 1370 1811 (v.
1396 1761 1475 1799 874
1505 1761 1624 1811 seqq.)

359 1833 565 1872 inveterato
607 1832 742 1872 mendo
787 1832 1004 1883 inquinato,
1050 1831 1115 1871 ubi
1153 1832 1321 1871 Socrates
1357 1831 1623 1884 Phidippidem

361 1906 482 1946 filium
510 1906 624 1947 stulto
645 1906 741 1959 patri
762 1920 839 1946 non
860 1905 967 1946 valde
993 1904 1207 1945 dissimilem
1232 1905 1291 1945 his
1314 1904 1437 1945 verbis
1462 1904 1622 1945 deridet:

526 2029 620 2069 Ἰδοὺ
651 2028 862 2077 ,Ικρέρωειὐ
887 2029 934 2072 ὡς
964 2028 1101 2074 ἠλίθιον
1130 2027 1350 2078 ἐφθέγξατο

524 2102 589 2141 καὶ
618 2107 716 2141 τοῖσι
745 2101 920 2151 χείλεσιν
950 2100 1210 2151 διερρυηκόσιν.

525 2178 605 2219 πῶς
633 2174 682 2214 ἂν
710 2176 823 2222 μάθοι
853 2176 935 2214 ποθ’
964 2172 1067 2219 οὗτος
1098 2174 1313 2225 ἀπόφευξιν
1343 2175 1446 2222 δίκης

526 2248 546 2293 ἢ
578 2252 756 2292 κλῆσιν
786 2246 806 2292 ἢ
837 2246 1031 2296 χαύνωσιν
1061 2247 1384 2297 ἀναπειστηριόινς

413 2376 514 2417 Nam
552 2376 644 2428 quid
678 2375 741 2415 hic
774 2375 921 2415 tandem
957 2375 1028 2414 sibi
1065 2375 1176 2415 vellet
1214 2377 1234 2421 ἦ
1273 2381 1428 2422 κλῆσις,
1474 2379 1619 2418 testium

357 2451 509 2500 citatio,
549 2463 645 2502 quae
683 2452 761 2489 erat
791 2448 1081 2502 uniuscuiusque
1105 2463 1226 2502 neque
1254 2450 1347 2490 ullas
1376 2451 1478 2504 quod
1506 2451 1619 2492 sciam

357 2523 566 2577 requirebat
603 2522 785 2561 astutias?
841 2522 983 2561 Mirum
1022 2526 1078 2561 est
1112 2523 1298 2563 neminem
1340 2525 1461 2564 adhuc
1499 2525 1618 2564 lucem
