1937 3075
952 292 1003 329 93

402 419 466 458 Δὲ
507 418 618 458 scribi
657 417 749 457 solet
801 426 828 467 ᾗ·
888 418 945 457 vel
977 435 988 466 ;
1019 447 1028 457 .
1099 418 1192 457 Inde
1236 419 1477 458 confunditur
1516 432 1602 457 cum

346 495 435 532 nota
463 505 556 543 quae
585 491 683 530 valet
712 489 818 529 ἐστὶ
842 492 933 543 (⁹³5)
956 494 994 529 et
1012 504 1097 530 cum
1117 491 1417 543 interrogationis
1436 492 1543 544 signo
1564 507 1601 539 ;.

401 564 447 604 In
479 564 605 615 prima
642 563 800 617 epistola
837 564 1062 604 Aristaeneti
1097 567 1182 603 ante
1221 564 1446 603 Dorvillium
1475 564 1603 604 edeba-

346 642 430 677 tur:
461 637 709 685 Ἐνδεδυμένη
743 638 815 685 μὲν
846 636 1167 687 εὐπροσωποτάτη
1199 637 1260 682 δὲ,
1292 638 1436 676 ἐκδῦσαι
1467 638 1505 677 δὲ
1535 637 1602 683 ὅλη

346 710 541 762 πρόσωπον
571 710 769 761 φαίνεται.
822 711 937 751 Recte
965 711 1048 751 ille:
1079 711 1399 761 εὐπροσωποτάτη
1429 710 1581 750 ἐστίν.

399 784 533 824 Liban.
572 784 655 823 Vol.
685 784 756 832 IV,
798 799 835 836 p.
875 786 949 823 811
997 784 1173 823 Reiskius
1212 784 1429 823 festinanter
1465 784 1604 832 edidit,

346 861 389 897 ut
427 857 541 904 solet:
587 857 649 896 διὰ
693 857 840 902 ταύτην
869 854 952 904 οὖν,
994 858 1114 908 Φησὶ,
1154 858 1263 905 νόμον
1294 854 1336 896 εὖ
1365 855 1510 905 ἔχοντα
1537 856 1605 895 λύ-

346 945 461 978 σομεν
504 931 549 970 δὲ
586 931 651 970 καὶ
692 930 807 978 μάλα
846 930 1010 975 δικαίως.
1061 932 1183 971 Acute
1211 930 1381 971 Bastius:
1411 929 1603 976 λύσομεν;

346 1003 410 1043 noc}
440 1003 557 1052 μάλα
584 1003 748 1048 δικαίως.

401 1077 508 1118 'Em-l
528 1098 578 1113 =
598 1092 642 1123 ›x-
676 1079 736 1119 vel
770 1093 810 1120 x·
833 1110 844 1124 ‚
876 1079 946 1119 εἰσὶ
978 1099 1028 1114 =
1061 1085 1123 1124 Kc.

400 1156 457 1190 Τε
487 1170 536 1185 =
572 1163 631 1194 ÷.
705 1152 958 1191 Confunditur
1004 1166 1088 1191 cum
1140 1152 1175 1191 τὶ
1228 1152 1328 1203 quod
1374 1152 1606 1204 significatur

346 1225 455 1264 litera
482 1240 505 1263 τ
536 1225 785 1277 suprascripta
812 1239 896 1264 cum
921 1225 1067 1265 duobus
1095 1226 1257 1278 punctis.
1280 1225 1465 1276 <Utraque
1493 1226 1605 1264 lectio

346 1298 604 1337 circumfertur
644 1298 685 1336 in
717 1297 816 1338 Plat.
854 1299 1077 1350 Euthydemo
1119 1312 1203 1351 pag.
1238 1299 1337 1345 290,
1367 1302 1419 1337 E:
1461 1299 1603 1347 σμικρῷ

344 1386 396 1410 τε
426 1370 676 1419 ὑποδεεστέρα
705 1374 743 1409 et
770 1372 911 1419 σμικρῷ
941 1385 1000 1410 τι.

399 1443 456 1482 De
484 1443 701 1495 compendia
731 1443 826 1491 γὰρ
857 1443 1072 1482 monuimus
1099 1444 1140 1481 in
1170 1458 1237 1491 αρ.

401 1512 491 1566 ἆραι
520 1520 557 1555 et
586 1515 702 1564 ἄρα,
746 1530 839 1568 quae
877 1516 1018 1568 ubique
1053 1516 1133 1555 solo
1169 1516 1308 1555 iudicio
1343 1516 1606 1569 distinguenda

346 1594 453 1637 sunt,
478 1590 733 1641 depinguntur
755 1590 795 1627 in
820 1590 920 1627 hunc
943 1589 1114 1628 modum:
1144 1598 1208 1633 (ζ.
1248 1589 1353 1627 Idem
1377 1593 1434 1627 est
1456 1590 1604 1641 signum

345 1660 672 1714 tachygraphicum
716 1660 816 1712 quod
855 1664 1040 1714 comparet
1082 1661 1122 1701 in
1158 1661 1430 1714 praepositione
1469 1661 1602 1711 παρὰ

347 1733 446 1784 (vide
473 1733 562 1785 Cap.
593 1733 679 1784 VI).
736 1734 857 1785 Saepe
880 1747 957 1772 non
985 1734 1212 1773 intellectum
1240 1733 1457 1785 negligitur.

399 1804 480 1852 ὁμο
495 1808 514 1844 ῦ
533 1824 582 1839 =
604 1812 654 1858 fv
682 1806 743 1845 vel
767 1805 903 1845 omissa
921 1805 1056 1846 lineola
1075 1806 1244 1858 obliqua:
1274 1813 1312 1853 27!
1327 1838 1335 1848 .
1378 1808 1606 1860 Frequenter

345 1877 497 1917 excidit.

399 1947 473 1989 ὅτι
513 1964 619 2003 saepe
654 1954 843 1990 exaratum
881 1954 938 1990 est
963 1931 995 1990 ἶ.
1051 1951 1243 2000 Quoniam
1284 1965 1435 2004 prorsus
1475 1952 1602 1992 eodem

344 2023 453 2063 modo
481 2023 656 2063 scribitur
683 2023 757 2072 τὸ,
787 2023 991 2063 sexcenties
1018 2023 1088 2063 hae
1111 2024 1314 2076 particulae
1336 2025 1494 2064 invicem
1521 2038 1602 2077 per·

344 2099 549 2135 mutantur.

398 2165 594 2219 Proprium
623 2165 695 2205 sibi
724 2165 986 2217 compendium
1012 2168 1198 2217 praeterea
1224 2164 1337 2204 habet
1366 2162 1438 2204 ὅτι
1467 2179 1600 2217 nempe

349 2249 386 2282 κ
402 2269 412 2281 .
470 2239 575 2290 Quae
601 2242 710 2288 nota,
740 2238 772 2279 si
805 2238 978 2279 hamulus
1006 2237 1129 2289 deest,
1166 2252 1242 2278 non
1269 2241 1393 2291 potest
1419 2237 1601 2291 distingui

344 2327 366 2352 a
394 2312 612 2365 compendio
643 2311 779 2352 ἔστί.’

397 2384 652 2426 Peculiaribus
681 2384 903 2437 quibusdam
933 2384 1272 2425 abbreviationibus
1300 2388 1459 2426 utuntur
1477 2399 1598 2439 gram-

343 2458 470 2497 matici
513 2462 550 2497 et
591 2458 828 2506 scholiastae,
865 2471 957 2509 quae
992 2458 1288 2508 frequentissime
1323 2462 1524 2497 occurrunt
1557 2458 1597 2497 in

342 2531 442 2571 notis
471 2530 745 2584 marginalibus.
802 2530 1008 2570 Notissima
1035 2530 1109 2570 fere
1136 2534 1224 2570 sunt
1252 2531 1405 2571 haecce:
