1937 3075
921 258 970 293 53

326 384 505 423 attulisse.
562 385 634 422 Res
674 388 729 422 est
762 384 949 424 facillima.
1004 386 1051 424 In
1085 387 1229 426 schedis
1256 387 1579 427 Valckenaerianis

326 457 415 496 haec
442 460 498 496 est
524 456 644 496 brevis
673 457 998 497 annotatiunculae

517 557 537 602 ἢ
568 560 701 601 κλῆσιν
730 555 776 595 L.
804 556 1016 601 κήλησιν
1046 558 1111 597 Ar.
1139 557 1268 597 Nubb.
1298 560 1389 598 875.

382 669 578 707 Summum
606 668 728 706 virum
756 680 833 706 rem
858 680 926 706 acu
954 666 1122 719 tetigisse
1149 666 1318 706 arbitror.
1359 667 1461 707 Nam
1489 668 1583 707 illud

328 742 451 794 ipsum
466 741 687 780 vocabulum
711 741 868 787 κήλησις
891 744 929 780 et
952 740 1098 793 saepius
1118 740 1257 792 legitur
1278 754 1365 780 cum
1388 740 1581 790 χαύνωσις

329 818 366 853 et
408 814 492 854 aliis
533 814 686 854 vocibus
728 814 892 854 eiusdem
937 814 1218 866 significationis
1261 814 1505 854 coniunctum
1547 817 1585 854 et

328 888 562 941 perapposite
597 888 659 927 hic
696 888 856 927 additur.
912 887 998 927 Uno
1032 891 1180 927 tantum
1208 889 1374 940 exemplo
1402 888 1584 942 defungar

328 960 392 999 sed
429 960 580 1012 insigni.
636 960 683 999 In
720 960 889 999 Platonis
930 959 1166 1012 Euthydemo
1202 960 1470 1000 urbanissimae
1504 961 1587 1000 irri-

330 1033 445 1072 sionis
492 1033 613 1085 lepore
662 1033 811 1085 perfuso
859 1033 1006 1085 dialogo
1048 1037 1085 1072 et
1128 1034 1234 1085 quasi
1279 1034 1318 1072 in
1361 1034 1586 1074 recentiores

329 1105 511 1158 sophistas
540 1105 678 1158 scripto
706 1119 790 1158 pag.
821 1107 898 1144 289
927 1105 971 1145 E.
1015 1105 1183 1145 Socrates
1212 1105 1345 1145 acriter
1372 1106 1468 1159 petit
1494 1106 1581 1151 τοὺς

329 1179 569 1227 λογοποιοὺς,
599 1192 737 1218 vanum
765 1179 955 1218 rhetorum
987 1192 1104 1231 genus
1141 1179 1243 1229 quod
1280 1179 1425 1218 cunctis
1461 1180 1583 1232 philo-

329 1251 455 1302 sophis
484 1255 521 1290 et
547 1251 711 1303 politicis
734 1255 917 1302 praestare
940 1251 1010 1290 sibi
1031 1251 1239 1299 videbatur,
1269 1252 1437 1303 utrisque
1458 1257 1582 1292 tamen

329 1328 406 1363 erat
433 1323 599 1363 inferius.
657 1323 863 1363 Audiamus
896 1323 1030 1377 ipsum.
1072 1323 1161 1372 ,Ικαὶ
1188 1323 1265 1373 γάρ
1290 1339 1353 1372 μοι
1382 1324 1419 1365 οἵ
1440 1340 1484 1364 τε
1511 1325 1577 1365 ἄν·

329 1396 407 1444 δρες
443 1393 540 1435 οὗτοι
578 1398 609 1434 οἱ
639 1397 851 1442 λογοποιοὶ,
880 1395 970 1435 ὅταν
1009 1398 1258 1445 συγγένωμαι
1286 1400 1438 1444 αὐτοῖς,
1468 1399 1579 1448 ὑπέρ-

324 1472 452 1519 σοφοι,
484 1467 509 1507 ὦ
535 1469 710 1511 Κλεινία.
742 1470 908 1509 δοκοῦσιν
935 1467 1030 1509 εἶναι
1060 1470 1124 1508 καὶ
1144 1471 1283 1516 αὐτ-ἦῆ
1310 1471 1429 1519 τέχνη
1454 1473 1578 1510 αὐτῶν

324 1541 507 1581 θεσπεσία
530 1556 588 1586 τις
612 1542 675 1581 καὶ
703 1542 845 1591 ὑψηλή.
876 1543 941 1582 καὶ
966 1542 1093 1590 μέντοι
1116 1543 1216 1582 οὐδὲν
1241 1543 1477 1590 θαυμαστόν·
1498 1542 1579 1583 ἔστι

323 1615 399 1664 γὰρ
435 1620 502 1660 τῆς
534 1619 607 1654 τῶν
647 1616 795 1664 ἐπῳδῶν
830 1616 971 1665 ’τέχνης
1003 1615 1150 1666 μόριον,
1191 1617 1333 1666 σμικρῷ
1366 1631 1402 1655 τι
1436 1617 1577 1663 ἐκείνης

324 1688 589 1736 ὑποδεεστέρα·
619 1690 639 1733 ἡ
675 1689 745 1734 μὲν
779 1689 854 1737 γὰρ
888 1692 959 1726 τῶν
990 1689 1137 1736 ἐπῳδῶν
1169 1689 1288 1736 ἔχεών
1319 1703 1362 1727 τε
1397 1690 1462 1727 καὶ
1494 1693 1577 1738 φα-

322 1761 498 1807 λαγγίων
519 1761 583 1799 καὶ
612 1761 794 1810 σκορπίων
823 1762 887 1800 καὶ
912 1765 984 1800 τῶν
1013 1761 1142 1800 ἄλλων
1168 1761 1294 1810 θηρίων
1313 1777 1356 1801 τε
1378 1763 1442 1802 καὶ
1464 1763 1575 1802 νόσων

322 1833 529 1879 κη’λησίς
558 1835 680 1881 ἐστιν,
704 1836 723 1880 ἦ
750 1834 788 1873 δὲ
814 1835 1000 1874 δικαστῶν
1025 1850 1069 1874 τε
1095 1836 1160 1874 καὶ
1186 1837 1472 1881 ἐκκλησιαστῶν
1497 1838 1574 1875 καὶ

321 1909 410 1946 τῶν
446 1907 610 1947 ἄλλων
648 1908 807 1957 ὄχλων
848 1909 1057 1954 κήλησίς
1095 1925 1147 1949 τε
1176 1910 1256 1949 καὶ
1288 1911 1575 1958 παραμυθία

320 1980 513 2030 τυγχάνει
544 1977 679 2021 οὔσα”.

375 2054 522 2093 Dixerit
564 2056 659 2094 forte
700 2056 855 2107 aliquis:
900 2056 1116 2104 ''Ambabus
1157 2056 1328 2095 manibus
1371 2057 1574 2108 speciosam

321 2127 578 2166 Valckenaerii
612 2128 858 2166 coniecturam
897 2128 1136 2179 amplecterer
1170 2128 1244 2166 nisi
1286 2141 1424 2166 novum
1461 2128 1573 2179 impe-

320 2197 525 2236 dimentum
555 2199 789 2237 vehementer
825 2200 998 2238 obstaret.
1056 2200 1234 2238 Solemnis
1277 2199 1316 2236 in
1352 2199 1488 2238 talibus
1519 2204 1575 2238 est

318 2270 581 2322 particularum
625 2272 797 2323 repetitio
839 2272 963 2317 37—57*
1008 2286 1163 2323 quarum
1207 2272 1355 2311 alteram
1403 2273 1575 2312 omittere

318 2344 381 2382 vix
409 2358 452 2382 ac
480 2358 525 2383 ne
556 2344 617 2383 vix
650 2345 796 2395 quidem
831 2344 959 2383 licet”.
1016 2343 1078 2383 Illi
1107 2345 1159 2383 ita
1187 2345 1388 2396 respondeo
1423 2349 1466 2384 ut
1494 2360 1574 2398 par-

318 2417 472 2455 ticulam
515 2417 651 2456 rectius
701 2417 825 2457 adesse
872 2418 1091 2466 concedam,
1144 2419 1333 2471 vulgatam
1380 2419 1575 2459 lectionem

318 2494 441 2528 tamen
470 2490 581 2528 semel
609 2490 789 2528 abiectam
820 2504 893 2528 non
923 2491 1139 2530 desiderem.
1195 2492 1292 2531 Fieri
1327 2506 1412 2531 sane
1449 2497 1575 2543 potest
