1937 3075
921 279 972 316 47

326 404 368 442 in
397 404 557 456 eleganti
585 410 623 444 et
659 406 776 445 faceta
811 406 1039 458 praefatione
1078 407 1175 458 (pag.
1205 406 1317 457 XXI)
1348 405 1407 444 vir
1434 405 1584 454 doctus,

327 477 496 528 egregius
517 477 770 517 Valckenaerii
794 478 999 529 discipulus
1050 478 1116 528 qui
1141 491 1364 529 quamquam
1389 478 1587 516 immatura

328 553 445 588 morte
474 554 664 601 correptus
682 563 781 588 nova
808 553 846 588 et
874 563 960 588 vera
983 554 1107 589 tamen
1135 550 1174 588 in
1204 550 1312 589 bonis
1339 549 1457 589 literis
1485 564 1586 603 repe-

326 621 376 659 rit
403 626 440 660 et
467 622 588 661 sicubi
616 625 713 660 errat
741 621 934 673 ingeniose
963 626 1060 660 certe
1088 625 1183 660 errat
1203 623 1247 673 1).

380 699 408 731 Γ
439 697 477 732 et
504 699 530 731 P
562 693 734 732 confusio
763 693 899 733 rectius
927 693 1134 746 explicatur
1167 707 1212 732 ex
1239 693 1420 744 scriptura
1449 693 1587 732 minus-

327 765 411 804 cula
440 766 513 816 (cf.
541 766 631 818 Cap.
661 766 747 816 IV).

381 842 425 882 Γ,
456 843 503 883 Τ,
534 842 584 877 Τ.
628 838 769 878 Locum
798 839 837 878 in
868 838 1041 892 Xenoph.
1072 838 1193 878 Anab.
1222 838 1309 878 Lib.
1324 838 1401 887 VI,
1431 838 1520 891 Cap.
1546 839 1585 887 Ι,

326 912 348 962 ᾧ
382 912 451 959 10,
483 925 526 950 ex
556 912 748 951 Athenaeo
773 913 934 951 correxit
961 912 1145 952 Cobetusz
1177 911 1284 955 τέλος
1316 912 1354 950 δὲ
1384 912 1427 950 τὸ
1457 926 1585 959 περσι-

327 984 388 1023 κὸν
422 985 579 1034 ὠρχεῖτο
615 985 680 1024 καὶ
711 985 887 1034 κρούων
921 986 992 1030 τὰς
1031 985 1181 1029 πέλτας
1218 985 1367 1035 ὤκλαζε
1398 984 1463 1024 καὶ
1496 984 1584 1032 ἐξοι-

326 1057 494 1096 νίστοιτο.
555 1058 750 1110 Perperam
788 1064 911 1098 autem
945 1059 1046 1111 apud
1083 1059 1317 1098 Athenaeum
1353 1071 1421 1110 pro
1450 1058 1584 1106 κρούων

325 1130 462 1181 legitur
489 1134 625 1179 κροτῶν
655 1132 756 1182 quod
784 1136 914 1171 natum
943 1146 987 1171 ex
1015 1112 1230 1172 confusione
1259 1137 1289 1169 T
1319 1135 1358 1170 et
1385 1136 1435 1169 T.

381 1201 573 1241 Praeterea
601 1203 767 1255 exempla
795 1203 869 1242 sint
894 1205 924 1255 2)
962 1203 1239 1255 Hesychianum
1273 1203 1375 1242 istud
1413 1202 1582 1251 δτρέοι,

326 1274 472 1321 ἡμίονον
505 1274 605 1325 quod
632 1275 744 1314 modo
782 1274 978 1314 laudabam
1013 1280 1051 1315 et
1078 1276 1211 1324 ’Τρεῒ
1238 1276 1348 1327 (τρεῖ)
1377 1275 1579 1324 Φοβεῑται.

379 1351 436 1391 Ε,
469 1352 522 1390 Θ,
562 1351 621 1391 Ο,
662 1352 695 1384 Σ
734 1346 893 1386 invicem
932 1351 1221 1387 commutantur.
1278 1348 1424 1400 Nempe
1465 1352 1496 1385 E
1541 1346 1582 1385 in

325 1419 430 1458 libris
458 1420 567 1459 MSS.
597 1420 752 1458 formam
780 1420 890 1459 habet
917 1425 971 1467 Gi
1004 1426 1035 1458 Σ
1065 1420 1240 1459 scribitur
1268 1421 1313 1459 C.
1344 1420 1579 1472 (Figuratum

323 1493 459 1544 quibus
500 1507 598 1532 nunc
641 1494 782 1532 utimur
822 1493 966 1532 nullum
1009 1493 1048 1532 in
1089 1492 1282 1532 codicibus
1318 1496 1468 1544 apparet
1498 1505 1578 1532 ves-

322 1564 484 1616 tigium).

375 1636 476 1676 Hinc
505 1642 590 1676 ante
617 1637 874 1676 Casaubonum
912 1638 952 1675 in
989 1637 1112 1689 lepido
1141 1638 1348 1689 fragmento
1375 1637 1579 1688 Hegesippi

322 1709 475 1761 (Athen.
502 1709 586 1748 Lib.
604 1709 701 1757 VII,
733 1711 810 1748 290
835 1708 869 1748 b.
899 1713 937 1748 et
966 1709 1019 1761 d.)
1049 1709 1129 1748 sine
1158 1723 1267 1749 sensu
1293 1709 1372 1758 εὑρὲ
1392 1723 1458 1762 pro
1479 1709 1577 1758 Σύρε

318 1782 500 1835 legebant.
557 1784 610 1821 At
645 1782 798 1821 omnino
844 1781 961 1831 Σύρος
992 1782 1048 1821 vel
1091 1782 1271 1831 Συρίσκος
1310 1797 1368 1826 τις
1404 1783 1577 1821 dramatis

318 1859 536 1908 argumento
564 1856 752 1895 convenit.

371 1927 561 1981 Imprimis
589 1928 629 1967 in
659 1927 846 1968 vocabulis
876 1927 1093 1981 compositis
1121 1929 1180 1967 εὐ·
1208 1931 1246 1967 et
1276 1943 1339 1967 συ·
1367 1928 1578 1980 frequenter

316 2005 524 2053 permutata
553 2005 653 2041 sunt.
695 2001 742 2040 In
773 2001 936 2053 Etymol.
964 2001 1021 2042 M.
1046 2016 1083 2054 p.
1115 2002 1209 2050 550,
1243 2003 1305 2041 14.
1337 2001 1573 2053 (Νικοχάρης

316 2074 526 2123 Λημνίᾳ·
557 2074 815 2120 ἐπλέομεν
852 2071 878 2112 ὦ
908 2073 993 2122 κόρη
1025 2073 1087 2113 ἐπὶ
1123 2074 1212 2125 κῶς)
1251 2077 1349 2113 recte
1385 2073 1575 2113 Hemster-

316 2146 445 2186 husius
474 2146 535 2199 (ad
561 2147 666 2187 Plut.
695 2161 733 2199 p.
764 2147 831 2198 57)
860 2149 1065 2186 correxerat
1093 2145 1333 2193 πλέομεν.
1391 2145 1574 2185 Emenda-

314 2219 453 2259 tionem
481 2220 637 2272 perfecit
670 2220 858 2259 Porsonus
895 2219 1085 2271 (Adverss.
1114 2233 1152 2272 p.
1188 2220 1254 2271 39)
1284 2218 1457 2267 Λημνί
1467 2224 1570 2259 AIO

356 2401 381 2443 ¹)
416 2398 499 2432 Vide
521 2410 548 2433 e.
564 2409 593 2432 c.
616 2409 699 2442 quae
720 2398 868 2443 disputat
889 2397 924 2431 in
945 2394 1111 2439 Σωδάριον
1134 2410 1165 2443 p.
1189 2399 1252 2432 348
1275 2409 1364 2442 seqq.

354 2454 381 2497 2)
414 2452 618 2498 Exquisitam
649 2451 906 2485 emendationem
937 2462 978 2485 ex
1005 2451 1066 2486 hoc
1094 2452 1185 2486 fonte
1211 2452 1312 2486 habet
1337 2452 1513 2486 Piersonus
1534 2452 1569 2486 in

311 2507 415 2542 Moer.
438 2518 472 2550 p.
496 2507 570 2541 298.
613 2504 698 2539 Vide
721 2504 806 2549 apud
829 2505 946 2549 ipsum.
