2750 3399
1254 432 1276 468 9

640 560 695 601 sic
722 561 957 615 peculiariter
985 560 1083 599 valet
1111 559 1157 599 de
1184 559 1368 599 erroribus
1393 560 1627 601 librariorum
1659 562 1699 601 in
1727 566 1894 602 veterum

641 634 789 687 scriptis
826 632 1074 672 describendis
1107 645 1247 683 proque
1283 645 1350 670 sua
1381 632 1514 683 peritia
1542 633 1828 686 interpretandis
1856 639 1895 674 et

642 705 883 758 corrigendis,
938 704 1035 743 Cum
1069 703 1166 744 enim
1205 703 1276 743 hoc
1310 702 1469 744 habeant
1501 705 1639 745 maiora
1671 706 1820 759 ingenia
1850 711 1893 746 ut

643 779 749 830 quasi
776 778 993 831 splendeant
1013 791 1080 816 sua
1104 778 1262 829 quisque
1282 777 1429 829 propria
1449 778 1534 816 luce
1556 781 1593 816 et
1620 792 1642 816 a
1670 792 1708 817 se
1735 779 1894 818 invicem

644 850 771 891 statim
811 850 1096 903 dignoscantur,
1135 849 1302 889 homines
1339 849 1465 889 obtusi
1503 854 1541 889 et
1570 849 1720 890 hebetes
1746 856 1895 901 contra,

643 924 772 975 quales
807 923 1005 963 admodum
1041 927 1147 962 erant
1186 923 1411 962 Graecorum
1448 923 1521 961 seri
1558 927 1729 975 nepotes,
1772 937 1898 963 omnes
1928 911 1930 915 ’

643 996 718 1035 fere
742 996 893 1035 eandem
917 995 1118 1048 imaginem
1140 995 1321 1044 referunt,
1350 995 1482 1034 iisdem
1503 995 1686 1035 erroribus
1713 995 1899 1045 labuntur,

643 1069 771 1108 eadem
798 1068 1026 1119 ἀναισθησίᾳ
1065 1067 1235 1107 codicum
1264 1067 1357 1106 vitia
1390 1072 1650 1119 concoquunt,
1679 1082 1775 1107 nova
1802 1082 1901 1107 com·

643 1142 821 1189 mittunt,
857 1141 951 1180 malo
988 1141 1128 1180 malum
1168 1144 1318 1192 augent.
1374 1141 1463 1179 Non
1491 1141 1656 1192 profecto
1690 1141 1902 1181 istiusmodi

644 1214 836 1254 hominum
869 1217 947 1253 erat
985 1227 1078 1265 quae
1111 1217 1278 1252 auctores
1319 1226 1434 1265 paene
1474 1212 1630 1265 perfecti
1671 1213 1902 1252 saeculorum

644 1287 819 1327 memoria
853 1287 968 1340 digna
1000 1286 1219 1339 scripserant
1258 1299 1300 1325 ea
1338 1285 1384 1325 ab
1424 1286 1526 1325 omni
1553 1285 1635 1326 labe
1661 1300 1753 1338 pura
1780 1290 1819 1326 et
1845 1287 1902 1326 in-

646 1364 750 1412 tegra
778 1359 921 1399 tradere
958 1359 1178 1412 posteritati.
1236 1358 1351 1411 Saepe
1379 1358 1572 1397 verborum
1607 1372 1734 1398 sensus
1769 1367 1902 1411 parum

645 1432 781 1471 curiosi
810 1433 900 1471 satis
929 1445 1112 1483 superque
1141 1431 1327 1470 habebant
1355 1431 1532 1470 librorum
1560 1431 1781 1483 scripturam
1809 1434 1903 1472 osci-

645 1509 765 1543 tanter
794 1505 1003 1557 depingere.
1061 1503 1296 1555 Quamquam
1324 1503 1505 1542 eiusmodi
1544 1504 1712 1543 socordia
1742 1505 1903 1557 complu-

645 1565 759 1615 ribus'
779 1576 872 1615 locis
906 1576 1168 1615 detrimentum
1205 1576 1397 1622 intulerit,
1435 1590 1658 1629 quamquam
1687 1591 1800 1630 prava
1828 1578 1902 1616 sin-

645 1648 814 1699 gulorum
857 1648 1052 1687 verborum
1094 1648 1347 1701 interpunctio
1390 1652 1427 1688 et
1468 1649 1632 1688 infelices
1677 1650 1898 1701 syllabarum

647 1719 865 1759 omissiones
895 1721 949 1758 vel
984 1721 1220 1772 repetitiones
1248 1725 1286 1760 et
1313 1721 1519 1772 frequentes
1551 1722 1760 1770 literarum,
1800 1737 1897 1762 com·

645 1791 882 1842 peudiorum,
918 1792 1093 1844 siglorum
1127 1807 1203 1832 non
1238 1794 1398 1832 multum
1434 1794 1673 1833 dissimilium
1712 1800 1897 1847 permuta-

646 1863 765 1902 tiones
792 1868 958 1903 monstra
987 1879 1091 1917 saepe
1119 1866 1314 1917 genuerint
1343 1871 1454 1916 atque
1488 1870 1675 1917 portenta,
1713 1870 1837 1905 tamen
1866 1869 1897 1906 si

645 1949 734 1973 sano
773 1935 911 1975 iudicio
948 1937 1090 1975 accedit
1117 1936 1339 1976 Graecitatis
1377 1937 1532 1976 scientia
1565 1942 1602 1976 et
1630 1938 1720 1977 artis
1753 1939 1897 1991 palaeo-

644 2008 840 2059 graphicae
860 2009 1012 2060 peritia,
1041 2010 1149 2047 facile
1174 2010 1244 2048 erit
1271 2010 1403 2048 horum
1427 2024 1594 2062 magnam
1619 2015 1757 2063 partem
1787 2013 1898 2051 inter-

644 2080 779 2132 pretari
807 2095 849 2120 ac
877 2095 1084 2133 procurare.
1127 2082 1249 2121 Multo
1277 2083 1426 2134 gravius
1455 2097 1492 2122 se
1520 2097 1576 2122 res
1605 2083 1715 2122 habet
1743 2084 1774 2122 si
1803 2085 1899 2124 forte

643 2153 781 2205 placuit
804 2154 916 2192 docto
941 2155 1121 2193 monacho
1144 2159 1209 2193 aut
1233 2155 1441 2206 magistello
1470 2156 1711 2207 scriptoribus
1733 2157 1897 2208 antiquis

643 2225 837 2264 admovere
866 2240 1015 2265 manum
1045 2227 1305 2279 corruptricem
1335 2232 1371 2266 et
1400 2227 1592 2280 pristinam
1620 2229 1815 2268 verborum
1844 2245 1898 2268 sa-

643 2298 797 2336 nitatem
825 2299 1001 2350 refingere
1023 2299 1070 2337 ad
1094 2312 1257 2337 normam
1281 2300 1462 2350 sequioris
1485 2300 1578 2338 aevi.
1606 2300 1725 2339 ·Haec
1749 2315 1898 2352 quoque

643 2369 774 2408 menda
804 2370 931 2409 tollere
958 2375 1114 2422 possunt
1142 2371 1273 2410 critici.
1332 2372 1405 2410 Sed
1440 2386 1533 2423 opus
1561 2377 1616 2411 est
1644 2373 1707 2411 diu
1739 2387 1898 2413 versasse

642 2442 900 2494 grammaticos
937 2447 973 2482 et
1011 2443 1286 2496 lexicographos
1323 2448 1360 2482 et
1399 2444 1562 2496 reliquos
1605 2458 1728 2484 aereae
1767 2447 1898 2485 aetatis

642 2515 836 2566 scriptores
857 2516 923 2566 qui
944 2530 1080 2568 purum
1103 2530 1306 2555 sermonem
1331 2518 1487 2555 atticum
1512 2531 1623 2568 quem
1645 2519 1718 2570 ipsi
1740 2521 1899 2571 turpiter

641 2587 814 2639 ignorant
849 2589 1032 2627 neminem
1068 2593 1165 2627 recte
1206 2589 1392 2628 docebunt
1434 2590 1497 2628 s'ed
1541 2604 1699 2642 quorum
1741 2593 1898 2644 repetita

642 2658 755 2696 lectio
793 2659 862 2698 hoc
901 2660 1028 2699 saltem
1066 2661 1247 2699 commodi
1291 2660 1401 2699 habet
1439 2662 1539 2711 quod
1577 2662 1691 2700 facem
1720 2663 1900 2714 praeferat
