1937 3075
1039 232 1087 269 16

588 360 634 401 ὧν
654 361 917 409 Ἀγαθοκλῆος
947 359 1082 401 λάσιαι
1113 360 1248 411 φρένες
1279 361 1432 407 ἤλασαν
1462 361 1533 410 ἔξω

588 434 768 484 πατρίδος
798 433 972 484 ἀρχαίων
1002 430 1043 479 ἦν
1072 431 1128 474 δ’δ’
1156 434 1248 484 ἀνὴρ
1278 432 1481 485 προγόνων·

584 509 688 552 εἰδὼς
718 509 760 548 ἔκ
789 507 964 554 νεότητος
993 507 1054 547 ἀεὶ
1084 507 1256 555 ξείνοισιν
1285 509 1434 558 ὁμιλεῖν

586 582 721 630 ξεῖνος.

473 665 620 706 Deinde
648 664 818 716 sequitur
844 663 885 702 in
913 663 1112 716 archetypo
1139 663 1355 705 Marciano:

829 755 1250 804 μιμνερμουδεισεποσα

833 841 979 876 κρονιων

416 927 511 965 quae
539 911 722 952 vocabula
748 910 787 949 in
815 909 918 949 huno
945 909 1095 950 modum
1124 910 1303 951 exhibent
1331 912 1561 965 apographa:

582 996 797 1046 μιμνέρμου
826 996 886 1036 δεῖ
911 1011 955 1036 σε
984 995 1090 1036 πόσα
1119 997 1265 1047 κρονι’ων

580 1071 815 1118 παιδομανεῖ
840 1070 908 1109 σὺν
938 1069 1043 1118 ἔρωτι
1074 1069 1194 1116 πότην
1223 1070 1315 1111 ἴσον.
1348 1085 1384 1111 κ.
1400 1086 1438 1110 τ.
1455 1081 1494 1111 λ.

471 1164 672 1204 Manifesto
700 1166 886 1215 corrupta.
943 1162 1064 1202 Nullo
1103 1164 1203 1203 enim
1237 1168 1347 1217 paeto
1384 1164 1559 1216 explicari
1597 1178 1679 1216 pos·

416 1240 504 1276 sunt
533 1237 592 1276 δεῖ
617 1251 661 1276 σε
691 1235 795 1275 πόσα
825 1235 985 1285 κρανίων.
1037 1237 1091 1275 At
1118 1236 1212 1276 nihil
1239 1240 1364 1277 tamen
1391 1236 1678 1276 immutandum.

417 1310 517 1350 Satis
545 1313 602 1349 est
631 1309 832 1363 diligenter
861 1308 1091 1348 considerare
1120 1309 1211 1361 quid
1239 1309 1418 1362 seriptum
1450 1310 1511 1350 sit.
1567 1309 1679 1359 Quod

416 1382 561 1435 primus
597 1382 687 1421 fecit
730 1381 975 1421 Casaubonus
1018 1381 1234 1433 (Animadv.
1273 1382 1360 1431 XV,
1399 1383 1477 1434 17).
1534 1383 1681 1435 Nempe

417 1455 615 1507 legendum
643 1468 723 1493 esse
753 1454 868 1493 vidit:

677 1534 902 1584 Μιμνέρμου
932 1534 964 1573 δ’
984 1535 1035 1578 εἰς
1067 1533 1154 1578 ἔπος
1184 1533 1295 1583 ἄκρον
1325 1536 1407 1580 ἰών,

417 1619 519 1671 quod
547 1619 676 1658 statim
705 1617 874 1657 omnium
903 1630 1085 1656 consensu
1114 1617 1153 1656 in
1184 1617 1350 1657 ordinem
1385 1622 1574 1671 receptum
1609 1623 1678 1658 est.

471 1691 619 1731 Addam
662 1705 707 1730 ex
750 1691 943 1730 Athenaeo
986 1690 1088 1729 aliud
1129 1691 1338 1742 exemplum
1382 1691 1476 1742 (VI,
1505 1694 1605 1740 261,
1633 1692 1676 1743 f.)

416 1763 719 1812 Anaxandrides,
762 1762 902 1803 nobilis
940 1762 1150 1802 comoediae
1187 1763 1329 1802 mediae
1365 1767 1475 1815 poeta
1508 1765 1545 1803 ἐν
1579 1769 1677 1813 Φαρ-

416 1834 662 1883 μακομάντει
692 1835 818 1887 ipsum
854 1832 1186 1885 φαρμακόμαντιν
1223 1835 1412 1875 verissime
1449 1836 1677 1877 iudicantem

416 1908 508 1947 facil:
536 1907 619 1956 περὶ
650 1911 719 1951 τῆς
749 1907 999 1958 οέλαζονείαςε

552 1993 609 2033 ὅτι
639 1994 718 2041 εἴμ’
746 1994 901 2044 ἀλαζὼν
928 1995 1035 2034 τοῦτ’
1053 1996 1258 2045 ἐπιτιμᾷς;
1289 1994 1400 2034 ἀλλὰ
1428 1995 1487 2041 τίς

554 2069 640 2117 νικᾷ
671 2065 748 2115 γαρ
779 2064 878 2112 αὕτη
907 2066 980 2110 τὰς
1009 2066 1154 2115 τέχνας
1185 2065 1317 2111 πασας
1348 2067 1447 2106 πολὺ

550 2139 656 2188 μετὰ
683 2139 752 2185 τὴν
782 2139 1003 2180 κολακείαν.
1034 2138 1098 2186 ἥδε
1126 2140 1197 2187 μὲν
1226 2139 1303 2190 γὰρ
1332 2139 1516 2190 διαφέρει.

468 2232 526 2272 En
554 2232 670 2272 habes
697 2231 778 2284 ipsa
805 2230 918 2271 verba
946 2234 1077 2284 poetae
1104 2230 1170 2271 ubi
1199 2232 1324 2272 omnia
1352 2235 1441 2271 sunt
1467 2232 1612 2285 integra
1640 2236 1678 2273 et

414 2305 620 2357 perspicua.
677 2304 750 2344 Sed
781 2304 861 2344 noli
899 2306 1032 2356 putare
1063 2303 1233 2343 librarios
1262 2303 1353 2343 haec
1379 2304 1490 2344 nobis
1517 2308 1593 2344 tam
1621 2305 1676 2345 in-

415 2378 516 2416 taeta
544 2389 718 2416 servasse.
775 2375 965 2428 Scriptum
993 2379 1049 2415 est
1076 2374 1116 2414 in
1145 2374 1364 2428 archetypo:

821 2468 1268 2517 οὶλλατινικαιγαραυτη.
