1937 3075
953 260 1004 296 29

357 386 483 436 φέρειν
503 388 533 437 ¹)
563 390 634 426 etc.
654 386 808 425 —Lib.
838 386 879 433 I,
908 385 1000 437 Cap.
1033 387 1106 425 137
1138 386 1153 423 ὃ
1183 387 1220 425 δὲ
1254 386 1460 435 ναύκληρος
1488 391 1612 425 ποιεῖ

357 474 407 498 τε
436 462 567 498 ταῦτα
600 458 664 497 καὶ
697 457 974 500 ἄποσαλεύσας
1013 455 1164 506 ὕστερον
1198 458 1421 507 ἀφικνεῖται
1453 473 1490 497 κ.
1510 473 1548 498 τ.
1569 467 1608 497 λ.

356 534 430 569 tres
458 530 616 569 Codices
644 542 835 582 perperam
864 528 1003 568 habent
1030 534 1210 568 ποιεῖται
1238 533 1381 569 ταῦτα.

412 602 522 641 Addo
550 602 805 655 nuperrimum
829 601 1021 640 inventum
1045 601 1226 640 Badhami
1250 602 1350 653 quod
1371 606 1494 641 tamen
1523 616 1612 641 num

356 687 484 713 verum
513 675 563 713 sit
590 673 832 713 subdubitare
864 673 995 725 possis.

410 747 545 786 Editur
572 747 692 786 Thuc.
721 746 806 786 Lib.
836 746 897 794 II,
927 745 1015 798 Cap.
1038 747 1086 784 89
1118 746 1169 797 (et
1197 759 1284 784 sane
1314 759 1431 785 unum
1460 749 1498 785 et
1525 746 1614 786 alte-

354 833 437 858 rum
465 820 506 858 in
533 819 605 859 hoc
634 819 754 871 capite
792 822 959 871 superest
998 818 1038 857 in
1076 831 1152 869 quo
1190 831 1229 857 se
1257 821 1450 857 exerceant
1477 817 1613 870 critici)

354 891 486 930 πολλὰ
522 891 558 929 δὲ
597 892 661 929 καὶ
705 890 948 939 στρατόπεδκ
989 890 1055 935 ἤδη
1096 890 1268 929 ἔπεσεν
1308 892 1372 928 ὑπ’
1400 890 1613 929 ἐλασσόνων

353 970 400 1014 τῇ
430 964 597 1014 ἀπειρίᾳ.
658 964 831 1015 Requirit
868 962 1081 1002 Badhamus
1107 964 1137 1015 Β)
1178 962 1424 1002 ἔπταισεν
1462 962 1615 1002 verbum

353 1036 556 1076 sexcenties
584 1050 667 1076 cum
697 1037 835 1076 aoristo
873 1041 1004 1075 πεσεῖν
1041 1040 1292 1089 permutatum
1329 1040 1440 1088 atque
1474 1035 1511 1074 in
1542 1036 1615 1075 cla·

353 1108 461 1147 dibus
490 1113 527 1147 et
556 1109 714 1148 miseriis
742 1122 829 1147 cum
854 1108 1072 1160 compositis.
1096 1113 1133 1147 et
1157 1108 1335 1147 derivatis
1359 1108 1521 1147 solemne
1549 1108 1614 1147 sed

353 1179 450 1219 idem
492 1194 563 1220 usu
603 1181 707 1220 venit
744 1180 855 1220 verbo
892 1180 1060 1219 πίπτειν.
1120 1179 1175 1219 Ut
1216 1181 1377 1233 tragicos
1418 1180 1610 1230 omittam,

351 1252 449 1304 apud
478 1266 571 1304 quos
599 1253 734 1305 passim
764 1253 905 1305 legitur
933 1253 1087 1291 πίπτειν
1117 1253 1289 1303 ἀβουλίᾳ
1318 1254 1397 1292 sive
1426 1254 1469 1300 ἐξ
1492 1254 1612 1300 ἀβου-

351 1325 438 1369 λίας
469 1325 754 1378 saepissimeque
786 1325 898 1365 verba
936 1326 1120 1376 σώζεσθαι
1151 1329 1189 1365 et
1217 1324 1371 1365 πίπτειν
1405 1339 1426 1364 e
1462 1325 1613 1378 regione

351 1397 448 1437 inter
478 1410 516 1437 se
545 1402 632 1437 sunt
661 1397 834 1451 opposita
857 1399 911 1450 ³),
950 1397 1040 1437 satis
1069 1411 1147 1437 esse
1174 1397 1332 1437 arbitror
1359 1397 1513 1436 unicum
1541 1401 1613 1436 tes·

351 1475 426 1510 tem
453 1472 654 1522 producere
687 1472 812 1510 locum
848 1472 1084 1511 notissimum
1123 1486 1168 1511 ex
1201 1471 1396 1511 Herodoto
1425 1471 1471 1510 de
1499 1471 1612 1510 classe

351 1543 545 1583 Persarum
576 1542 710 1594 (VIII,
743 1544 807 1595 16)
847 1543 863 1582 ὂ
895 1542 972 1593 γὰρ
1003 1543 1142 1593 Ξέρξεω
1182 1543 1344 1593 στρατὸς
1378 1543 1448 1582 ὑπὸ
1478 1542 1609 1590 μεγά-

351 1615 428 1660 θεός
458 1631 502 1655 τε
532 1616 597 1655 καὶ
626 1616 787 1660 πλήθεος
815 1617 930 1660 αὐτὸς
961 1617 1026 1656 ὑπ’
1045 1617 1181 1656 ἑωυτοῦ
1211 1617 1364 1656 ἔπιπτε.
1423 1616 1608 1657 Luculen-

350 1691 405 1728 ter
433 1691 585 1742 apparet
612 1688 653 1729 ni
680 1688 787 1729 fallor
811 1703 857 1729 ex
879 1689 998 1730 forma
1019 1689 1227 1743 imperfecti
1245 1689 1369 1743 ipsum
1391 1688 1608 1743 scriptorem

349 1775 472 1807 usum,
486 1776 566 1802 esse
594 1762 705 1802 verbo
734 1762 903 1803 πίπτειν.
962 1763 1076 1813 Quod
1098 1763 1196 1803 idem
1222 1763 1476 1816 Thucydidem
1501 1776 1608 1802 usur·

348 1848 454 1887 passe
482 1849 592 1875 sensu
618 1835 728 1888 plane
755 1835 882 1876 eodem
911 1836 1002 1888 quid
1031 1836 1182 1876 obstat?
1223 1836 1363 1876 Verum
1391 1835 1437 1876 de
1463 1849 1607 1889 permu-

348 1907 492 1947 tatione
520 1923 558 1947 αι
588 1912 626 1947 et
654 1924 671 1947 ε
700 1908 891 1949 hactenus.

401 1979 516 2020 Nunc
543 1984 770 2021 transeamus
793 1981 839 2022 ad
866 1981 1024 2021 alterum
1057 1981 1190 2021 horum
1219 1981 1436 2022 mendorum
1463 1995 1604 2035 genus,

347 2066 479 2105 nempe
499 2054 547 2093 ad
568 2068 706 2094 errores
728 2059 834 2094 natos
856 2068 903 2094 ex
925 2055 1145 2094 confusione
1169 2071 1209 2103 n,
1239 2069 1273 2102 ι,
1301 2070 1332 2094 ει
1363 2056 1460 2107 (ιει),
1489 2070 1538 2104 οι,
1567 2070 1602 2094 υ.

391 2273 416 2316 ¹)
450 2271 572 2307 Eadem
606 2273 755 2307 confusio
789 2272 943 2308 obscurat
976 2272 1065 2309 Plat.
1100 2273 1141 2308 de
1173 2273 1277 2319 Legg.
1309 2274 1364 2316 II,
1396 2286 1429 2319 p.
1457 2275 1522 2309 664
1553 2274 1601 2309 D:

345 2326 380 2362 οὗ
423 2329 488 2371 γὰρ
529 2327 583 2362 ἔτι
626 2328 764 2363 δυνατοὶ
808 2329 859 2371 (οἱ
894 2329 1067 2372 γέροντες)
1100 2328 1253 2373 Φέρειν
1283 2328 1371 2374 ᾦΣαίς
1400 2330 1460 2365 ubi
1490 2341 1601 2365 veram

342 2386 514 2421 lectionem
536 2398 577 2421 ex
596 2387 695 2423 Hom.
712 2386 830 2433 Odyss.
849 2391 897 2426 Θ,
922 2388 985 2422 499
1007 2388 1173 2423 revocavit
1194 2387 1318 2423 Naberi
1335 2400 1367 2424 v.
1384 2389 1426 2424 cl.
1444 2388 1600 2426 sollertia.

385 2443 411 2485 2)
442 2441 654 2483 Adhortatio,
681 2441 803 2486 Sidney
825 2441 923 2478 1870.

384 2496 411 2538 ὅ)
446 2494 605 2540 Exempla
625 2494 760 2540 praebet
782 2493 950 2539 Sophoclis
973 2494 1013 2528 Ο.
1036 2494 1079 2528 R.
1102 2495 1160 2536 50,
1182 2494 1295 2530 Tmch.
1319 2496 1378 2536 84,
1405 2495 1461 2530 El.
1479 2496 1554 2531 429.
