1937 3075
991 245 1043 282 28

380 372 491 412 habet
531 373 697 425 optimus
743 373 857 412 codex
905 373 1150 413 Harleianus:
1193 377 1266 412 τῶν
1312 373 1454 422 ἐτέρων.
1521 374 1644 422 Quam

379 458 489 485 nemo
517 448 654 485 temere
682 445 842 486 tentabit
871 446 936 498 qui
974 446 1185 487 meminerit
1220 446 1313 486 duos
1340 445 1380 485 in
1410 445 1537 485 Attica
1565 459 1643 485 esse

380 517 570 562 Κολωνοὺς
592 519 622 570 1)
660 518 725 557 τὸν
760 517 889 558 ἵππιον
919 519 983 557 καὶ
1014 520 1077 558 τὸν
1107 520 1301 568 ἀγοραῖον.

433 590 492 630 Ex
519 590 590 630 hoc
625 591 754 631 eodem
787 592 890 631 fonte
926 592 1150 645 repetendus
1188 596 1244 632 est
1281 606 1382 632 error
1419 592 1459 632 in
1500 592 1643 632 Aristo-

379 664 516 717 phanis
544 663 657 704 Pluto
686 679 721 705 v.
755 667 829 704 196
856 679 965 716 quem
996 666 1139 704 detexit
1167 679 1247 704 rara
1266 665 1453 714 ἀγχίνοικ
1483 665 1643 704 Dawesii

381 737 507 789 (Misc.
536 737 628 778 crit.
659 752 697 790 p.
723 738 830 789 206).
878 737 1067 777 Exhibent
1090 736 1178 777 libri
1208 751 1303 789 quos
1332 738 1501 789 sequitur
1529 737 1643 777 Hem-

380 809 591 850 stethusius
600 825 609 849 z

547 914 639 952 ἀλλ’
661 914 703 959 ἢν
732 913 915 952 τάλαντά
944 928 1001 957 τις
1032 914 1141 963 λάβῃ
1171 915 1422 963 τριακαίδεκα

546 987 644 1026 πολὺ
674 988 827 1034 μᾶλλον
858 987 1038 1034 ἐπιθυμεῖ
1063 988 1204 1035 λαβεῖν
1234 988 1441 1027 ἐκκκίδεκοι

546 1060 618 1099 κᾶν
647 1060 763 1098 ταῦτ’
781 1059 901 1110 dvala-y,
929 1059 1222 1109 τετταράκοντα
1252 1061 1453 1108 βούλεται.

437 1168 517 1207 Iam
547 1173 632 1208 ante
669 1162 883 1208 Dawesium
916 1169 1096 1209 laboranti
1124 1173 1242 1209 metro
1270 1170 1462 1210 subvenire
1492 1176 1645 1210 conatus

382 1245 459 1280 erat
495 1241 681 1280 Kusterus
718 1242 829 1281 solito
865 1243 1028 1281 remedio
1067 1243 1237 1282 voculam
1275 1258 1323 1289 γε
1361 1243 1525 1282 inserens
1562 1248 1647 1295 post

383 1313 504 1364 ἀνύσῃ
539 1327 634 1366 quae
670 1314 758 1354 huic
797 1314 879 1354 loco
918 1319 1039 1355 tamen
1076 1315 1229 1356 minime
1265 1315 1440 1356 convenit
1464 1317 1493 1368 ²)
1534 1316 1646 1356 Hem-

384 1386 571 1424 sterhusio
591 1399 678 1424 vero
707 1385 752 1424 de
781 1386 931 1424 violatis
958 1388 1124 1425 numeris
1150 1388 1203 1426 nil
1233 1387 1402 1427 suboluit
1411 1403 1421 1435 3
1453 1389 1646 1427 contendit

384 1459 455 1499 κᾶν
499 1461 613 1498 ταῦτ’
643 1459 763 1508 ἀνύσῃς
809 1460 959 1499 omnino
1001 1460 1080 1499 sine
1120 1459 1202 1499 labe
1243 1475 1322 1499 esse
1368 1461 1493 1511 „quod
1536 1475 1645 1512 supra

383 1531 558 1584 scriptam
608 1531 721 1570 habet
765 1531 804 1570 in
852 1531 978 1570 codice
1026 1531 1259 1571 Dorvilliano
1305 1532 1645 1585 interpretationem

384 1603 667 1653 &ruminabo-W
706 1605 805 1656 (pag.
836 1606 885 1643 65
915 1604 1004 1656 ed.).
1060 1604 1173 1644 Nunc
1211 1605 1344 1644 merito
1374 1619 1502 1645 omnes
1531 1605 1646 1645 credi-

383 1691 468 1718 mus
496 1676 665 1717 Dawesio
693 1677 890 1717 evanuisse
918 1676 1092 1730 syllabam
1122 1692 1165 1716 τε
1181 1691 1312 1716 :Tou
1338 1692 1360 1717 a
1387 1677 1558 1730 sequenti
1582 1691 1646 1717 vo·

384 1751 516 1791 cabulo
538 1750 830 1797 τετταροὶκοντικ
860 1750 1067 1804 absorptam
1096 1750 1149 1790 ita
1178 1754 1222 1790 ut
1248 1750 1449 1803 legendum
1475 1751 1542 1790 sit:
1574 1751 1646 1790 κᾶν

384 1825 499 1864 ταῦτ’
518 1824 722 1869 ἀνύσηται
754 1839 789 1862 κ.
811 1838 847 1862 τ.
870 1833 907 1862 λ.
939 1837 1023 1862 nam
1054 1824 1108 1863 sic
1137 1823 1285 1863 demum
1317 1827 1355 1863 et
1387 1823 1580 1876 prosodiae
1610 1829 1648 1863 et

387 1897 516 1937 Attico
545 1896 724 1948 loquendi
753 1896 839 1936 usui
868 1896 1099 1935 satisfactum
1127 1900 1194 1936 est.

441 1969 579 2008 Crebro
602 1973 796 2021 peccatum
818 1969 859 2007 in
880 1968 1096 2019 Thucydide
1115 1968 1180 2006 ubi
1205 1968 1309 2007 nullo
1331 1968 1471 2007 iudicio
1497 1969 1650 2007 confusa

387 2047 475 2082 sunt
503 2042 630 2084 καινὸς
660 2045 698 2080 et
727 2040 851 2085 κενὸς,
882 2040 1081 2087 ἐπικαίρως
1113 2044 1151 2078 et
1177 2040 1239 2078 ἐπὶ
1270 2040 1401 2088 κέρως,
1432 2040 1583 2087 (βαίνειν
1614 2045 1650 2079 et

432 2214 456 2256 1)
491 2213 609 2247 Forma
631 2214 786 2252 Κολωνός
811 2221 908 2245 masc.
931 2221 1005 2255 gen.
1030 2211 1113 2254 sing.
1138 2222 1229 2244 num.
1249 2211 1344 2244 unice
1364 2222 1440 2244 vera
1461 2213 1521 2245 est.
1555 2210 1652 2244 Calli-

389 2269 539 2302 machum
568 2269 817 2302 versificatorem
845 2266 948 2311 magis
974 2277 1071 2310 quam
1102 2269 1231 2309 poetam
1262 2278 1367 2311 neque
1392 2267 1499 2311 epicae
1521 2266 1653 2311 linguae

389 2322 470 2356 satis
495 2322 638 2366 peritum
661 2322 715 2365 (cf.
733 2321 892 2366 imprimis
911 2319 990 2354 Cob.
1008 2320 1043 2353 in
1058 2320 1218 2354 Mnemos.
1236 2320 1327 2354 Tom.
1348 2320 1394 2361 X,
1416 2331 1447 2364 p.
1466 2321 1653 2363 389-438)

389 2375 506 2408 merito
529 2374 736 2418 reprehendit
758 2373 877 2407 Suidas
900 2372 933 2405 in
956 2383 1044 2406 voce.

433 2433 461 2475 ²)
494 2432 645 2475 Namque
679 2430 768 2465 certa
798 2431 918 2474 ubique
948 2433 999 2463 est
1033 2430 1230 2473 significatio
1263 2429 1443 2473 particulae
1477 2440 1518 2471 γε
1551 2440 1655 2472 neque

391 2497 545 2530 umquam
569 2497 588 2519 a
610 2486 742 2520 Graecis
769 2485 839 2519 sine
862 2495 960 2518 sensu
986 2484 1081 2518 metri
1103 2486 1235 2518 tantum
1262 2495 1359 2518 causa
1382 2483 1569 2528 apponitur.
