1937 3075
907 1189 952 1239 L.
986 1189 1028 1240 S.

398 1520 521 1569 Quam
550 1518 738 1557 materiam
767 1530 833 1569 pro
861 1517 960 1556 virili
988 1521 1092 1569 parte
1120 1520 1276 1558 tractare
1306 1520 1472 1568 institui,
1500 1520 1594 1560 Can·

343 1592 428 1632 dide
463 1592 616 1639 Lector,
656 1591 784 1630 amicis
826 1590 917 1629 meis
954 1590 1239 1642 studiorumque
1275 1591 1484 1631 fautoribus
1520 1606 1595 1632 non

344 1664 517 1703 omnibus
552 1676 666 1714 aeque
699 1663 831 1715 placet.
887 1662 1098 1701 Multorum
1133 1663 1274 1703 iudicio
1314 1664 1473 1717 diligens
1506 1666 1597 1705 boni

342 1737 500 1776 alicuius
537 1736 724 1788 scriptoris
760 1735 1015 1787 interpretatio
1051 1739 1117 1775 aut
1151 1736 1274 1775 brevis
1307 1737 1490 1777 factorum
1521 1753 1596 1778 me-

342 1809 573 1849 morabilium
602 1809 784 1848 enarratio
812 1808 953 1847 sincera
984 1808 1056 1847 fide
1091 1809 1300 1862 conscripta
1331 1824 1416 1850 cum
1444 1811 1503 1849 his
1530 1811 1597 1851 hu-

342 1882 452 1922 meris
501 1882 634 1921 fuisset
678 1881 797 1934 aptior
837 1884 918 1920 tum
953 1880 1009 1920 ‘ad
1053 1885 1200 1921 nostrae
1247 1882 1378 1922 aetatis
1427 1896 1597 1932 sensum,

342 1968 436 2006 quae
464 1957 550 1993 ante
579 1954 705 1992 omnia
741 1966 863 1992 rerum
899 1965 1009 1991 usum
1049 1955 1212 2004 spectat,
1249 1953 1357 2005 longe
1394 1968 1598 1993 accommo-

341 2025 472 2067 datior.
528 2024 768 2067 contendunt
809 2025 907 2066 enim
949 2025 990 2065 in
1032 2024 1161 2065 critica
1198 2025 1271 2066 ista
1309 2027 1597 2076 ''coniecturali’'

339 2102 425 2151 post
473 2102 531 2138 tot
580 2099 774 2138 doctorum
822 2099 987 2138 virorum
1036 2098 1310 2138 lucubrationes
1361 2100 1598 2140 difficultates

340 2171 460 2211 inesse
502 2184 620 2225 prope
664 2171 882 2219 immensas,
926 2184 1056 2223 parum
1097 2174 1163 2211 aut
1202 2172 1296 2211 nihil
1338 2174 1437 2224 quod
1484 2174 1598 2214 simul

340 2246 378 2281 et
415 2256 552 2281 novum
590 2246 628 2281 et
673 2246 814 2281 certum
861 2242 931 2290 sit;
976 2242 1265 2290 ''sublimiorem”
1303 2256 1389 2282 vero
1432 2245 1598 2284 criticam

341 2328 453 2366 quam
487 2318 641 2361 vocant,
680 2317 780 2354 arcta
816 2313 1091 2353 necessitudine
1132 2327 1217 2353 cum
1259 2315 1373 2354 altera
1410 2316 1474 2356 illa
1510 2332 1597 2357 oon-

339 2386 525 2435 iunctam,
564 2389 690 2426 nostra
724 2385 939 2439 praesertim
975 2387 1152 2424 memoria
1179 2385 1353 2438 plurimis
1380 2387 1488 2428 rebus
1515 2404 1598 2443 gra-

340 2459 438 2499 viter
472 2459 657 2499 nocuisse.

1418 2532 1434 2559 1
