1937 3075
1002 277 1052 315 20

496 402 586 442 ὥστ’
604 403 881 450 ἀπαλλαγεῖσι
911 402 1056 447 ταύτης
1087 400 1398 457 ἔστιιδιπλάσιον
1428 401 1558 440 κακόν.

397 476 423 516 i.
448 490 482 516 e.
513 475 571 523 ‘ssi
600 475 764 515 vetulam
794 475 966 527 effugeris
993 475 1033 513 in
1062 473 1296 514 iuvenculam
1335 473 1487 522 incidis,
1524 474 1660 527 duplex

398 545 575 588 malum”.
648 546 752 596 Quid
795 550 918 585 autem
961 545 1194 584 Meinekium
1236 546 1355 585 virum
1401 546 1659 586 acutissimum

397 620 622 672 permoverit
658 624 702 658 ut
739 619 935 658 absurdam
969 618 1146 657 librorum
1186 618 1402 666 lectionem,
1433 632 1545 669 quam
1578 619 1659 671 ipse

396 693 470 732 iam
500 691 627 732 multis
666 697 751 731 ante
790 690 895 729 annis
925 689 1175 729 damnavisset
1200 692 1251 742 1),
1290 704 1389 729 nune
1421 691 1525 742 quasi
1559 695 1658 743 post·

396 765 541 804 liminio
568 767 757 805 revocaret
785 763 955 814 equidem
985 763 1107 802 nullus
1137 763 1256 802 video.
1312 762 1402 802 Non
1432 777 1584 815 semper,
1615 769 1658 803 ut

395 837 553 886 videtur,
594 838 633 875 xi
666 836 839 885 δεύτερκί
870 851 948 879 πως
986 837 1181 885 φροντίδες
1214 836 1440 886 σοφώτερκι.
1472 860 1524 866 -
1554 836 1656 876 Haec

393 909 439 948 de
467 909 615 961 syllabis
645 910 737 948 male
767 909 958 961 dispositis
994 910 1192 948 sufficiant.

446 982 647 1033 Reliquum
687 986 742 1020 est
781 986 823 1019 ut
862 995 1076 1020 moneamus
1105 981 1150 1020 de
1178 982 1440 1033 dittographiis
1470 986 1506 1021 et
1535 982 1580 1021 de
1609 983 1655 1021 iis

394 1052 498 1092 vitiis
528 1067 621 1104 quae
651 1060 732 1092 orta
760 1057 847 1092 sunt
875 1068 917 1092 ex
948 1054 1133 1093 erroribus
1161 1053 1268 1106 plane
1297 1055 1502 1094 contrariis.
1548 1055 1653 1104 Quae

390 1125 541 1176 quidem
581 1126 680 1177 apud
719 1131 846 1177 poetas
884 1126 950 1165 ubi
989 1127 1110 1178 ipsum
1146 1130 1304 1166 metrum
1333 1127 1499 1166 fraudem
1528 1128 1653 1179 arguit

389 1197 489 1236 sacili
527 1198 679 1250 negotio
718 1197 1041 1251 deprehenduntur
1080 1203 1117 1237 et
1159 1198 1344 1251 plerisque
1384 1199 1474 1238 loeis
1510 1199 1651 1238 dudum

387 1274 517 1309 sanata
539 1275 648 1319 sunt3
674 1271 713 1309 in
734 1271 898 1309 oratione
920 1271 1043 1310 soluta
1064 1284 1150 1310 vero
1173 1285 1279 1322 saepe
1304 1272 1461 1310 editores
1484 1272 1650 1323 fugiunt.

387 1341 495 1382 Licet
524 1343 595 1382 toti
623 1356 724 1382 nunc
753 1344 871 1382 simus
903 1343 941 1382 in
979 1342 1222 1395 scriptoribus
1258 1342 1428 1392 Graecis,
1466 1343 1567 1383 lubet
1595 1348 1649 1383 ta-

387 1428 473 1454 men
501 1415 665 1467 primum
694 1415 858 1454 omnium
890 1428 1099 1467 expromere
1129 1414 1424 1454 emendat-ionem
1451 1415 1647 1455 Livianam

385 1487 468 1527 Tib.
499 1487 797 1535 Hemsterhusii,
837 1502 949 1539 quam
978 1487 1070 1526 mihi
1106 1487 1247 1526 iudicat
1283 1487 1569 1527 Valekenaerius
1610 1489 1649 1528 in

386 1560 532 1600 schedis
561 1560 722 1608 criticis3
752 1560 917 1613 exempla
946 1559 1088 1600 Graeca
1116 1559 1249 1600 deinde
1277 1573 1323 1600 ex
1346 1559 1458 1600 Novo
1488 1560 1650 1601 Foedere

386 1633 527 1673 dabunt
555 1633 630 1672 duo
669 1633 769 1671 docti
803 1632 965 1685 theologi
973 1650 984 1681 ς
1014 1633 1093 1684 ipse
1135 1633 1315 1684 denique,
1359 1633 1533 1683 quoniam
1573 1647 1650 1673 non

387 1719 481 1758 opus
517 1709 574 1744 est
611 1705 737 1745 multis
773 1704 948 1757 gravibus
990 1704 1147 1744 testibus
1187 1704 1228 1743 in
1269 1718 1308 1744 re
1349 1708 1425 1744 tam
1468 1705 1571 1744 facili
1612 1710 1650 1745 et

387 1781 532 1830 aperta,
560 1792 679 1831 pauca
707 1778 887 1829 quaedam
914 1777 1048 1817 addam
1083 1777 1127 1817 de
1157 1791 1252 1817 meo.

442 1850 527 1891 Tib.
557 1850 862 1891 Hemsterhusius
891 1851 945 1902 (in
974 1849 1086 1890 Obss.
1105 1849 1267 1890 Miscell.
1291 1850 1378 1890 Vol.
1403 1850 1465 1900 II,
1490 1865 1527 1904 p.
1552 1852 1647 1900 149,

391 1926 466 1964 150
497 1924 545 1964 ad
575 1924 784 1975 Aelianum)
815 1923 998 1975 egregiam
1029 1937 1137 1975 opem
1169 1923 1241 1962 fert
1267 1922 1376 1962 Livio
1407 1922 1543 1974 (XLV,
1572 1925 1646 1972 41,

387 1998 409 2049 ᾧ
443 1998 523 2048 12).
579 1996 626 2036 In
666 1997 739 2036 fine
773 1996 951 2035 orationis
987 1996 1097 2034 Pauli
1134 1995 1285 2034 Aemilii
1319 2010 1413 2047 quae
1441 2009 1565 2035 revera
1592 2001 1650 2036 est

389 2068 661 2117 '‘memorabilis
699 2073 736 2106 et
772 2068 886 2121 digna
913 2067 1082 2106 Romano
1111 2066 1304 2120 principe’'
1332 2067 1427 2106 liber
1454 2067 1535 2107 MS.
1566 2069 1647 2107 uni-

387 2156 455 2181 cus
491 2142 622 2182 habet:
662 2143 812 2182 Paulus
849 2142 887 2180 in
921 2143 1021 2181 domo
1046 2145 1201 2191 praeter
1236 2142 1301 2180 sed
1334 2154 1434 2180 nemo
1473 2146 1647 2192 superest.

386 2214 578 2255 Editores:
627 2215 776 2254 Paulus
813 2213 873 2253 vel
910 2213 1030 2253 Pauli
1066 2213 1106 2252 in
1142 2214 1243 2253 domo
1271 2217 1424 2264 praeter
1459 2226 1513 2252 me
1548 2226 1647 2253 nemo

385 2292 559 2339 superest.
610 2287 762 2338 Quanto
801 2286 932 2327 melius
960 2285 1283 2326 Hemsterhusius:
1313 2286 1421 2326 Pauli
1455 2286 1495 2326 in
1535 2287 1646 2327 domo

431 2515 455 2557 ¹)
489 2513 539 2548 Cf.
561 2513 691 2557 Fragm.
714 2512 838 2548 Comic.
859 2513 971 2548 Gracc.
995 2513 1071 2548 Vol.
1094 2514 1166 2555 ΙΙΙ,
1191 2526 1222 2559 p.
1247 2516 1320 2550 349.
