1937 3075
912 285 960 321 51

360 419 393 450 Σ
423 417 460 451 et
488 419 520 450 Θ
556 413 726 450 confusio
761 424 1039 461 nonnumquam
1075 424 1149 449 non
1180 415 1256 450 tam
1286 425 1331 450 ex
1359 412 1561 464 figurarum

305 485 548 524 similitudine
576 489 655 523 orta
697 488 753 523 est
795 498 906 535 quam
946 498 990 522 ex
1032 485 1345 535 pronuntiatione.
1398 490 1430 523 Θ
1461 485 1560 523 enim

305 557 431 595 eodem
459 557 534 595 fere
568 556 676 595 modo
704 555 903 594 efferebant
930 569 1004 606 quo
1033 556 1148 607 Angli
1177 557 1229 594 th.

360 629 406 667 In
434 629 565 667 Bionis
588 628 811 677 Ἐπιτοιφίῳ
833 628 1026 671 Ἀδώνιδος
1058 642 1092 667 v.
1124 630 1174 666 54
1203 627 1344 667 editur:

360 730 547 776 θνάσκεις,
576 728 601 768 ὦ
629 730 852 778 τριπόθοοτε,
885 729 1024 772 πόθος
1057 729 1095 768 δέ
1124 744 1186 776 μοι
1216 730 1262 772 ὦς
1292 727 1377 777 ὅνοιρ
1408 727 1520 773 ἔνι-τη.

361 839 543 889 Quamvis
578 839 719 879 lubrica
756 853 812 879 res
845 840 894 878 sit
933 839 1190 879 Bucolicorum
1232 838 1460 888 emendatio,
1506 838 1568 878 hic

307 918 432 953 tamen
461 928 535 953 non
570 913 817 953 dubitandum
849 926 905 952 me
934 913 1058 952 iudice
1081 913 1173 964 quin
1196 926 1282 951 cum
1302 912 1568 952 Valckenaerio

307 987 529 1026 mutandum
558 988 625 1026 sit:
656 986 800 1029 πόσις
830 987 868 1025 δέ
897 1001 959 1033 μοι
990 988 1035 1029 ὡς
1066 986 1151 1034 ὄναρ
1182 985 1293 1031 ἔοι-τη.
1330 986 1377 1025 cf.
1408 999 1444 1025 v.
1477 987 1541 1025 50.

364 1066 392 1098 Z
423 1075 530 1113 saepe
553 1060 594 1099 in
623 1061 832 1100 minuscula
862 1075 930 1100 nec
959 1075 1032 1100 non
1061 1060 1100 1099 in
1135 1060 1273 1099 unciali
1301 1060 1485 1112 scriptura
1514 1059 1570 1098 in-

308 1132 452 1170 terdum
491 1136 741 1171 commutatur
776 1146 859 1172 cum
899 1138 934 1170 T
965 1137 1002 1172 et
1031 1138 1056 1173 Ξ
1089 1133 1135 1184 (si
1171 1132 1295 1172 media
1321 1132 1456 1172 lineola
1493 1145 1569 1172 non

310 1208 365 1243 est
395 1205 664 1255 horizontalis).
723 1206 786 1245 Sic
824 1221 929 1258 saepe
967 1207 1088 1256 ἐζήτει
1130 1221 1196 1258 pro
1236 1206 1359 1255 ἐξῄτει
1394 1214 1572 1258 reponen-

311 1276 399 1316 dum
436 1277 516 1316 vice
551 1290 665 1326 versa.
698 1278 759 1330 (cf.
798 1278 912 1318 Dorv.
950 1278 991 1318 in
1027 1278 1169 1319 Charit.
1207 1294 1244 1332 p.
1284 1280 1350 1331 57)
1392 1277 1573 1318 Iocularis

312 1354 368 1388 est
401 1364 501 1389 error
532 1365 600 1389 nec
641 1355 759 1390 tamen
799 1352 1012 1403 infrequens
1045 1352 1077 1390 si
1115 1352 1194 1404 ipse
1232 1352 1379 1405 Iupiter
1405 1352 1570 1404 optimus

311 1422 495 1461 maximus
532 1423 644 1462 vertit
678 1424 717 1462 in
754 1424 964 1464 articulum.
1027 1425 1138 1474 Quod
1175 1439 1206 1464 e.
1236 1440 1273 1477 g.
1312 1425 1452 1464 factum
1495 1437 1574 1463 esse

314 1495 411 1546 apud
445 1494 558 1533 Olem.
596 1495 700 1534 Alex.
738 1495 873 1535 Strom.
905 1497 950 1544 V,
991 1510 1027 1548 p.
1061 1498 1158 1546 716,
1197 1500 1304 1536 acute
1338 1496 1431 1535 vidit
1463 1495 1574 1535 Valc-

315 1566 509 1607 kenaerius
539 1568 673 1619 (Diatr.
703 1569 742 1608 in
776 1569 907 1622 fragm.
936 1569 1106 1622 Euripid.
1135 1569 1224 1622 Cap.
1254 1570 1353 1619 VII,
1383 1584 1420 1621 p.
1452 1570 1533 1620 63).

426 1654 603 1701 Ἀμφίων
634 1654 740 1703 λέγεν
770 1661 818 1705 τῇ
840 1655 1037 1705 Ἀντιόπῃ·

428 1729 510 1767 οὐδὲ
539 1729 614 1779 γὰρ
643 1729 766 1779 mapa
796 1730 887 1768 δοκῶ

426 1802 556 1850 φωτὸς
586 1803 798 1852 κακούργου
829 1803 1008 1851 σχήματ’
1029 1803 1304 1851 ἐκμιμούμενον

429 1875 485 1914 σοὶ
514 1876 640 1921 τήνδ’
660 1876 696 1919 ἐς
727 1877 853 1923 εὐνὴν,
882 1875 1004 1925 ὥσπερ
1035 1875 1244 1926 ἄνθρωπον,
1275 1882 1422 1925 μολεῖν.

382 1961 527 2011 ,1031153
562 1962 626 2002 vix
661 1962 809 2003 videtur
851 1976 916 2003 cur
956 1964 1059 2009 τήνδ’
1085 1964 1121 2008 ἐς
1162 1964 1268 2009 εὐνὴν
1307 1964 1463 2005 dixerit:
1507 1978 1582 2004 una

320 2035 428 2074 litera
457 2039 601 2075 mutata
629 2035 732 2076 Iovis
759 2050 894 2076 nomen
923 2038 1105 2090 ZHN[A]
1135 2037 1333 2077 restituet”
1345 2055 1352 2078 :

321 2168 372 2202 his
402 2167 510 2202 verbis
541 2167 791 2213 interpretatur:
826 2167 840 2201 ὁ
865 2170 927 2211 μὲν
953 2169 1026 2209 νοῦς
1052 2167 1128 2203 ἐστὶ
1159 2167 1302 2203 τοιόσδε·
1345 2168 1394 2203 Οὐ
1427 2171 1491 2214 γὸιρ
1522 2169 1579 2204 ἐπὶ

323 2228 403 2266 ταῖς
428 2228 524 2260 aar&
552 2227 647 2269 νόμον
670 2225 920 2270 ὠφελείαις
947 2228 986 2261 αἱ
1013 2229 1080 2261 τῶν
1101 2227 1272 2270 ἑταιρειῶν
1297 2227 1475 2272 ἐγίγνοντο
1503 2229 1580 2263 σύν-

323 2283 410 2323 οδοι,
439 2283 527 2318 ἀλλ’
549 2284 605 2319 ε’πῖ
632 2289 679 2330 τῷ
707 2287 798 2327 παρὰ
823 2288 904 2325 τοὺς
931 2287 1047 2328 νόμους
1074 2288 1305 2320 πλεονεκτεῖν.

367 2342 536 2377 videndus
559 2343 657 2377 etiam
676 2344 838 2378 Isocrates
854 2344 953 2388 (Phil.
968 2344 1010 2386 V,
1028 2346 1083 2389 40)
1106 2344 1164 2379 ubi
1186 2345 1281 2380 dicit:
1305 2344 1381 2380 οῖδα
1403 2349 1468 2391 »γὰρ
1490 2347 1583 2381 ἁπά-

323 2415 387 2443 σοις
420 2404 485 2443 ’τὰς
512 2403 632 2443 πόλεις
658 2403 902 2446 ὡμαλισμένοις
931 2404 993 2438 §nb
1021 2405 1087 2438 τῶν
1120 2403 1314 2449 συμφορῶν,
1344 2405 1418 2440 ὥσθ’
1431 2406 1582 2450 ἡγοῦμαι

324 2463 415 2497 πολὺ
443 2463 582 2505 μᾶλλον
608 2461 719 2502 αὐτᾶς
746 2461 934 2504 αἱρήσεσθαι
962 2464 1026 2502 τὰς
1049 2461 1088 2496 ἐκ
1112 2466 1174 2503 τῆς
1197 2463 1346 2506 ὁμονοίας
1372 2463 1577 2509 ὠφελείας

325 2521 343 2561 ἢ
371 2524 436 2563 τᾶς
461 2521 500 2557 ἐκ
527 2523 594 2557 τῶν
621 2522 706 2557 τότε
732 2521 974 2565 πραττομένων
1001 2521 1212 2567 πλεονεξίας.

1379 2590 1421 2616 ωε
