1937 3075
958 243 1010 280 30

357 372 528 421 Quorum
562 372 731 411 omnium
769 375 836 410 aut
868 371 995 410 eadem
1032 376 1097 410 aut
1133 386 1247 425 prope
1279 372 1405 412 eadem
1438 373 1538 425 apud
1565 387 1619 412 se-

358 444 506 496 quiores
534 448 613 484 erat
641 444 853 484 enuntiatio
875 444 919 496 ¹).

413 518 581 558 Primum
611 518 779 558 omnium
808 518 954 570 insigne
981 518 1191 571 exemplum
1220 518 1392 558 delibabo
1420 531 1465 558 ex
1493 517 1621 557 eodem

358 591 635 644 elegantissimo
678 591 859 645 opusculo
899 590 1084 630 Badhami
1125 592 1229 643 quod
1264 592 1375 632 modo
1411 591 1620 632 laudabam.

358 665 476 705 Thuc.
516 665 557 714 I,
601 665 692 718 Cap.
734 666 782 704 18
821 679 870 703 m.
918 664 1053 703 leviter
1095 668 1270 717 corrupta
1312 668 1400 704 sunt
1441 664 1623 704 vocabula

360 737 518 786 δυνάμει
569 739 646 787 γαρ
694 741 824 776 ταῦτα
866 737 1042 784 μέγιστα
1082 737 1258 786 διεφάνη.
1331 737 1388 777 De
1429 736 1624 777 verborum

360 811 544 850 sententia
581 811 685 850 nulla
722 814 847 862 potest
882 824 961 849 esse
996 810 1245 849 controversia
1272 810 1336 848 sed
1363 810 1403 848 id
1431 809 1554 862 ipsum
1583 809 1622 847 in

362 896 471 923 causa
508 882 584 923 fuit
620 897 686 923 cur
723 882 860 923 vitium
902 883 1142 923 manifestum
1184 897 1257 923 non
1299 882 1626 923 animadverterint

362 956 496 996 critici.
554 956 725 1005 Quorum
762 969 871 995 nemo
908 960 1032 995 tamen
1070 961 1112 995 ut
1150 956 1283 1008 opinor
1317 956 1529 995 admonitus
1564 969 1625 995 ne-

362 1029 466 1082 gabit
496 1029 651 1070 verbum
682 1028 952 1078 διαφαίνεσθαι
983 1029 1085 1082 quod
1113 1029 1299 1083 significat
1322 1016 1479 1079 elucere,
1502 1030 1626 1080 pellu-

362 1116 440 1141 cere
477 1102 524 1141 ab
562 1102 633 1141 hoc
670 1103 753 1141 loco
788 1102 949 1141 alienum
988 1116 1079 1142 esse.
1137 1103 1239 1151 Quid
1281 1103 1422 1141 multa?
1475 1101 1627 1141 Numne

365 1174 514 1227 scripsit
537 1179 582 1214 ut
604 1175 713 1214 solet:
740 1173 898 1222 δυνάμει
925 1174 1001 1222 γὰρ
1028 1177 1158 1213 ταῦτα
1183 1174 1358 1222 μέγιστα
1380 1175 1428 1219 δὴ
1452 1174 1629 1224 ἐφάνη.ρ

365 1246 466 1286 Mihi
504 1246 655 1299 quidem
695 1246 750 1287 ita
787 1261 865 1287 esse
894 1246 1041 1287 videtur
1069 1250 1181 1298 atque
1218 1247 1493 1287 exercitationis
1520 1262 1628 1287 causa

367 1319 481 1359 alium
509 1318 633 1359 locum
662 1319 865 1360 emendabo
894 1319 1068 1359 similiter
1096 1324 1325 1373 corruptum.

423 1392 496 1432 Od.
515 1397 540 1433 Ξ
557 1391 731 1445 Ulysses,
761 1393 835 1432 iam
864 1393 982 1432 redux
1009 1393 1047 1432 in
1077 1393 1264 1443 Ithacam,
1295 1407 1341 1433 ne
1364 1398 1585 1447 agnoscatur
1608 1408 1629 1432 a

367 1465 538 1505 Minerva
567 1469 734 1506 mutatus
763 1469 819 1505 est
852 1466 893 1505 in
931 1479 1055 1505 senem
1091 1466 1302 1506 mendicum
1335 1470 1372 1506 et
1400 1465 1453 1506 sic
1482 1466 1527 1506 ab
1555 1466 1628 1505 Eu-

368 1552 471 1578 maeo
500 1538 612 1578 domo
645 1539 882 1591 hospitioque
910 1543 1078 1592 receptus
1103 1539 1277 1578 nuntium
1301 1540 1406 1579 affert
1433 1540 1478 1578 de
1505 1539 1628 1578 reditu

369 1625 438 1651 suo
480 1611 599 1664 ipsius
641 1611 743 1651 velut
785 1610 961 1651 absentis.
1016 1611 1127 1650 Nihil
1167 1612 1301 1651 horum
1342 1612 1539 1665 persuadet
1576 1613 1627 1660 τῷ

370 1683 451 1733 θείῳ
479 1684 635 1734 συβώτῃ
672 1684 739 1737 qui
775 1688 888 1737 negat
922 1684 1054 1723 herum
1092 1697 1203 1723 suum
1240 1688 1327 1738 post
1363 1688 1421 1724 tot
1450 1698 1630 1725 annorum

371 1757 570 1797 discidium
612 1758 651 1797 in
693 1759 850 1810 patriam
894 1772 1071 1810 umquam
1114 1772 1191 1798 esse
1229 1772 1472 1798 reversurum.
1535 1758 1630 1797 Tum

371 1830 523 1882 Ulysses
533 1847 541 1870 :

456 1932 481 1971 ὦ
512 1933 600 1982 φίλ’
620 1933 748 1977 ἐπειδὴ
779 1933 950 1980 ποέμπαν
979 1934 1150 1973 ἀναίνεαι
1183 1935 1257 1973 οὐδ’
1277 1934 1331 1972 ἔτι
1362 1936 1495 1984 φῇσθα

457 2010 577 2045 κεῖνον
608 2004 854 2049 ἐλεύσεσθαι,
886 2005 1000 2053 θυμὸς
1030 2006 1067 2046 δέ
1097 2021 1152 2045 τοι
1183 2007 1260 2046 αἰὲν
1290 2005 1478 2052 ἄπιστος,

456 2078 550 2117 ἀλλ’
569 2077 644 2126 ἐγὼ
673 2078 740 2117 οὐκ
770 2078 895 2123 αὔτως
924 2079 1142 2127 μυθήσομαι
1172 2079 1281 2119 ἀλλὰ
1312 2080 1379 2119 σὺν
1408 2078 1500 2130 ὅρκῳ

458 2153 504 2196 ὡς
535 2157 656 2192 νεῖται
680 2152 879 2196 Ὀδυσεύς.

424 2371 449 2414 ¹)
473 2371 514 2404 In
532 2369 799 2414 inscriptionibus
820 2371 854 2403 et
872 2369 906 2403 in
925 2368 1018 2403 libris
1034 2369 1267 2404 vetustissimis
1285 2372 1396 2404 tamen
1412 2374 1609 2415 permutatio
1620 2366 1644 2407 Ϊ

379 2431 413 2462 et
429 2428 477 2462 EI
494 2430 568 2462 orta
582 2427 713 2461 videtur
729 2439 770 2461 ex
789 2427 924 2470 antiquo
941 2438 1029 2461 more
1044 2427 1238 2461 Graecorum
1255 2427 1313 2471 qui
1331 2439 1360 2461 ει
1386 2428 1569 2464 scribebant
1584 2441 1641 2474 pro

380 2488 470 2523 omni
492 2500 506 2521 ι
525 2487 635 2531 longo.
