1937 3075
971 220 1024 259 40

422 351 536 404 Apud
578 351 821 391 Plutarchum
863 351 903 391 in
946 351 1100 401 Quaest.
1141 351 1250 390 Rom.
1295 351 1345 388 80
1388 349 1467 401 ipse
1508 348 1626 387 lector

368 423 482 464 faciat
508 423 720 477 periculum
750 424 790 464 in
819 425 1009 465 vocabulis
1042 424 1126 464 nx)
1157 424 1379 463 σίαστον.

425 504 526 542 ΑΛ,
556 503 655 542 ΛΑ,
687 504 760 536 ΛΛ
789 503 826 538 et
853 504 897 537 M
927 512 1075 549 quoque
1104 497 1388 536 conniventibus
1417 496 1536 535 oculis
1562 494 1627 533 vix

370 572 469 611 inter
506 585 585 611 sese
624 571 909 623 distinguuntur
943 570 1102 622 ideoque
1136 569 1342 610 hebetiores
1383 568 1549 608 homines
1587 567 1625 607 in

370 644 604 683 incredibiles
640 658 778 683 errores
814 644 1055 683 induxerunt.
1112 643 1259 691 Talem,
1289 643 1320 682 si
1352 656 1461 693 quem
1489 641 1625 689 ulium,

371 716 558 757 exstitisse
585 716 725 757 bonum
753 716 957 766 Phofium,
986 715 1261 756 sanctissimum
1292 715 1506 769 episcopum
1534 714 1628 754 Con-

370 790 740 842 stantinopolitanum
786 796 870 842 post
916 790 1078 828 Bentleii
1127 789 1323 841 epistolam
1372 789 1419 827 ad
1467 787 1629 826 Millium

372 876 479 902 nemo
521 862 738 902 mortalium
779 862 939 902 dubitat.
996 862 1136 915 Lepide
1179 861 1416 901 Patriarchac
1455 860 1628 909 dumo-lxv

371 935 539 973 traduxit
576 934 739 974 Cobetus
773 935 813 972 in
849 935 1032 974 Mnemos.
1071 935 1175 973 Tom.
1206 933 1304 982 VII,
1343 948 1379 986 p.
1409 935 1487 972 475
1527 945 1629 983 seqq.

374 1007 579 1058 Scripserat
607 1007 765 1045 Photius
794 1007 897 1045 κκτέι
929 1012 1140 1055 στοιχεῖσνε

788 1108 987 1156 Λὲμμικ.

789 1182 938 1232 Λέμφ
951 1197 975 1220 οι
988 1198 1004 1225 ς
1018 1213 1028 1226 ,
1059 1183 1257 1225 πέπωκας.

790 1256 961 1305 Λέμφσι.

435 1357 510 1396 Sed
548 1357 722 1405 λέμφκς
760 1358 854 1397 nihil
896 1358 997 1397 aliud
1040 1363 1095 1397 est
1129 1358 1202 1397 nisi
1246 1358 1420 1398 iocularis
1457 1358 1638 1410 scriptura

378 1443 444 1481 pro
482 1430 667 1478 λέλκφκς
710 1431 1021 1481 quemadmodum
1058 1431 1185 1482 paullo
1223 1445 1332 1482 supra
1358 1431 1532 1482 legimus:
1563 1440 1635 1468 λε-

380 1501 614 1552 λάφασιν
644 1499 715 1541 οἷον
746 1503 981 1543 πεπώκκσιν.

438 1575 498 1614 Ad
540 1575 634 1614 hanc
683 1576 970 1627 pulcherrimam
1013 1577 1306 1615 emendationem
1354 1576 1640 1615 confirmandam

385 1647 433 1686 cf.
462 1646 567 1686 locus
595 1648 781 1687 Athenaei
811 1648 907 1699 (XI,
936 1663 1020 1700 pag.
1048 1650 1128 1687 42³5
1155 1651 1190 1700 a)
1225 1663 1336 1700 quem
1373 1650 1412 1688 in
1446 1650 1545 1688 calce
1572 1650 1642 1688 ela-

386 1718 537 1758 boratae
567 1734 656 1759 suae
684 1721 813 1759 Photii
842 1722 1016 1760 editionis
1044 1722 1171 1760 laudat
1200 1722 1386 1761 Naberus.

444 1791 490 1830 In
515 1792 712 1845 Sophoclis
736 1792 881 1846 Oedipo
899 1793 978 1833 Col.
995 1795 1151 1833 v.1‘266
1180 1776 1371 1847 Polynicis
1401 1794 1511 1835 verba
1539 1800 1644 1836 sunt:

557 1904 621 1942 καὶ
653 1907 828 1953 μαρτυρῶ
859 1903 1040 1947 κάκιστος
1070 1904 1266 1954 ἀνθρώπων
1295 1908 1457 1954 τροφοιῖς

613 1983 631 1990 „
733 1983 750 1990 η
840 1977 857 1990 „s
943 1991 951 1999 ‚
1029 1978 1038 1990 ,
1117 1978 1126 1990 .
1200 1978 1209 1989 .
1239 1977 1273 2002 ‚g
1312 1977 1325 1990 ,,
1505 1978 1512 1991 ,

559 1992 646 2021 ταις
678 1991 804 2017 <racem
836 1992 935 2023 ηκειν
981 1982 1133 2017 ταΜοι
1163 1992 1216 2025 μη
1250 2003 1269 2024 .,
1302 1987 1431 2019 αλλων
1460 1980 1571 2028 πυθῃ.

452 2087 574 2127 Proba
594 2087 703 2128 lectio
729 2087 883 2128 debetur
906 2088 1138 2141 Musgravio.
1176 2088 1277 2128 Olim
1302 2089 1478 2128 edebatur
1497 2086 1652 2128 τᾶΛΛκ

401 2161 513 2212 (Vide
542 2162 658 2202 Dobr.
689 2162 862 2201 Adverss.
894 2162 956 2211 11,
988 2177 1024 2214 p.
1056 2163 1137 2217 36)
1194 2164 1319 2213 Atque
1352 2163 1405 2201 sic
1442 2168 1591 2201 AAAA
1620 2168 1656 2201 et

400 2239 520 2273 AMA
556 2234 645 2274 alibi
680 2249 828 2287 quoque
870 2235 968 2274 haud
1005 2250 1085 2274 raro
1119 2240 1344 2274 commutata
1377 2241 1464 2274 sunt
1498 2236 1560 2287 (cf.
1590 2236 1658 2274 im-

402 2307 533 2360 primis
562 2307 783 2360 Wesseling.
813 2308 857 2347 ad
887 2308 1029 2348 Herod.
1055 2323 1090 2361 p.
1109 2311 1215 2361 552).
1273 2309 1374 2359 Quid
1399 2310 1525 2349 notius
1551 2324 1658 2361 quam

405 2380 493 2428 ἑέμκ
537 2394 621 2419 cum
663 2381 860 2433 participio
904 2382 1168 2421 coniunctum:
1216 2381 1303 2429 οἶμαι
1351 2385 1481 2421 ταῦτ-,κ
1528 2385 1659 2426 ποιεῖν,

404 2454 551 2504 λέγων,
597 2455 694 2494 etc?
761 2455 895 2493 Editur
937 2461 1059 2495 tamen
1101 2455 1199 2507 apud
1241 2455 1535 2508 Theophrastum
1578 2456 1661 2505 περὶ
