1937 3075
907 272 956 311 73

302 404 348 444 de
375 401 876 457 corporibus-muliebribus.
925 401 1080 447 ,Vitium
1104 406 1356 455 pervetustum
1385 414 1464 442 esse
1492 416 1554 455 pa-

302 482 358 517 tet
385 491 430 517 ex
459 478 596 517 Athen.
624 490 709 529 pag.
740 477 818 514 504
843 489 884 523 c,
914 475 978 514 ubi
1008 476 1083 514 iam
1112 481 1309 527 comparet.

356 549 505 590 Nomen
543 548 820 589 substantivum
849 546 967 596 κύριος
998 536 1090 600 (ἶζ-ἶ)
1130 547 1341 599 saepissime
1379 561 1400 585 a
1428 546 1556 586 scribis

302 621 427 673 inepte
455 621 494 659 in
523 621 637 660 libros
665 619 853 658 invectum
881 622 958 658 est.
1014 618 1220 657 Vocativus
1256 618 1356 667 κύριε
1388 609 1460 671 (Ῑεῖ)
1489 620 1557 658 im-

301 693 431 746 primis
468 697 557 732 noto
594 691 911 745 pronuntiationis
950 690 1044 731 vitio
1078 691 1242 731 nascitur
1268 705 1313 731 ex
1345 692 1422 731 καί.
1479 693 1557 742 Qui

302 780 402 805 error
436 766 477 804 in
506 766 615 804 Sacra
652 765 863 817 Scriptura,
906 765 1119 823 praesertim
1156 764 1197 803 in
1231 764 1272 804 V.
1288 765 1330 804 T.
1360 769 1436 804 tam
1465 765 1557 804 levis

302 844 357 878 est
386 853 497 890 quam
527 839 760 878 excusabilis.
817 839 946 878 Simile
979 838 1070 890 quid
1109 838 1246 877 accidit
1282 838 1345 890 pio
1375 839 1556 878 monacho

302 911 368 961 qui
398 925 511 962 quum
539 912 579 950 in
608 911 733 950 codice
757 911 941 950 Athenaei
964 911 1117 962 legisset
1146 915 1228 955 νῆες
1248 925 1289 949 κε
1318 924 1427 950 naves
1453 912 1557 963 quin·

301 998 369 1037 que
391 989 426 1023 et
452 985 600 1035 viqinti,
627 984 825 1024 oscitanter
844 984 1080 1036 depingeret:
1112 984 1193 1029 νῆες
1218 983 1318 1032 κύριε
1341 984 1367 1024 1.
1384 998 1416 1024 e.
1431 998 1555 1024 naves.

301 1071 321 1096 o
348 1056 525 1096 Domine!

355 1129 490 1168 Postea
518 1129 670 1168 eandem
699 1128 1009 1168 abbreviationem
1033 1129 1258 1182 usurpabant
1280 1144 1347 1182 pro
1370 1130 1554 1170 adiectivo

302 1201 435 1250 κύριος.
494 1201 603 1240 Unde
633 1202 772 1241 factum
802 1206 844 1240 ut
872 1201 1007 1240 formas
1032 1201 1166 1250 κύριοι,
1199 1204 1320 1251 κυρίοιι
1353 1195 1440 1254 (ἦ,
1471 1196 1553 1256 εἷα-ι)

301 1279 386 1313 ante
414 1275 477 1313 xx}
510 1280 696 1325 tamquam
730 1275 1000 1327 dittographias
1033 1276 1290 1327 expunxerint.
1335 1277 1445 1316 *Vide
1471 1292 1503 1317 e.
1520 1292 1551 1317 c.

300 1347 425 1386 locum
454 1347 612 1386 Lueiani
636 1348 676 1385 in
699 1347 943 1399 Tyrannicida
972 1349 993 1399 ᾧ
1018 1350 1088 1387 10:
1119 1350 1227 1387 ἀλλὰ
1253 1349 1383 1387 πάντα
1409 1351 1550 1398 εἰρήνης

302 1420 432 1468 μεστὰ
452 1420 515 1458 καὶ
545 1419 687 1463 πάντες
718 1421 748 1459 οἱ
780 1420 880 1467 νόμοι
897 1451 1007 1460 .....
1031 1420 1094 1459 xa}
1125 1421 1314 1470 ἐλευθερία
1337 1423 1466 1472 σαφὴς
1487 1424 1551 1463 καὶ

302 1493 537 1541 δημοκρατίαι
563 1492 724 1539 βέβαιος
755 1494 817 1531 nx>
848 1493 969 1540 γάμοι
1004 1494 1223 1542 ἀνύβριστοι
1253 1509 1287 1533 κ.
1305 1503 1393 1534 τ.λ.
1426 1495 1491 1535 ubi
1520 1497 1552 1536 οἱ

302 1565 402 1612 νόμοι
433 1579 543 1603 suum
573 1565 643 1604 sibi
672 1566 895 1605 adiectivum
923 1566 1156 1605 vehementer
1188 1568 1394 1618 requirunt.
1450 1568 1554 1607 Salu-

300 1640 375 1675 tem
404 1636 530 1675 attulit
564 1637 619 1675 vir
647 1637 776 1676 doctus
804 1636 1055 1676 rescribendo:
1085 1637 1115 1675 οἱ
1147 1636 1248 1684 νόμοι
1281 1628 1336 1677 κ-οι
1367 1639 1551 1691 (κύριοι)

299 1709 362 1747 καὶ
394 1713 463 1747 etc.

353 1781 475 1830 Quam
505 1780 659 1820 ridicule
692 1781 768 1821 labi
797 1781 916 1834 possit
945 1782 1011 1833 qui
1038 1772 1101 1821 ff
1132 1782 1232 1833 quod
1262 1782 1448 1835 significat
1476 1784 1551 1827 υἱὸς

297 1853 480 1906 acceperit
503 1867 569 1906 pro
592 1854 736 1906 integro
761 1854 941 1894 vocabulo
961 1855 1021 1894 vel
1043 1855 1148 1907 pueri
1171 1855 1392 1908 intelligant.
1423 1856 1553 1895 Istius—

297 1928 400 1966 modi
425 1928 523 1966 enim
543 1929 696 1978 οέκρισιόι
723 1928 792 1967 filii
807 1929 964 1968 familias
989 1929 1089 1981 frugi
1109 1935 1145 1967 et
1160 1928 1385 1969 abstinentes
1405 1936 1554 1982 repente

296 2014 378 2039 sues
416 2001 504 2039 facti
515 2017 525 2048 3
569 2001 743 2051 quodque
776 2001 887 2039 etiam
917 2001 1135 2040 insolentius
1164 2007 1241 2047 est,
1279 2002 1372 2054 regii
1400 2003 1552 2041 iuvenes

294 2073 458 2113 evadunt
485 2073 549 2124 qui
578 2078 664 2113 ante
692 2074 794 2126 porci
823 2079 938 2113 erant.

349 2146 629 2198 Inspiciendum
670 2160 702 2186 e.
719 2160 750 2186 c.
790 2146 908 2199 Apoll.
949 2147 1062 2199 Soph.
1092 2146 1218 2187 Lexic.
1247 2147 1360 2188 Hom.
1390 2148 1428 2186 iu
1460 2162 1549 2187 voce

292 2221 626 2269 ἀνακτορίῃσι
658 2220 721 2259 ubi
750 2220 803 2259 ita
830 2220 986 2272 legimus
1012 2222 1063 2271 1):

345 2293 606 2344 οὶνοικτορίῃσι,
649 2299 735 2337 τοεῑς
765 2296 830 2332 τοῦ
860 2293 1108 2346 οένοίκτου(ος)
1140 2291 1211 2333 οἷον
1250 2299 1314 2334 τοῦ
1347 2295 1546 2336 δεσπότου·

290 2368 493 2413 δειπνήσας
532 2367 604 2415 ἅμ’
624 2369 747 2406 ὑεσσιν
789 2367 1049 2416 ἀνακτορίῃσιν
1084 2368 1225 2406 ἑπέσόω
1257 2369 1344 2419 (Od.
1374 2370 1421 2409 O.
1453 2372 1546 2421 397)

331 2516 355 2559 1)
390 2514 478 2549 Edit.
500 2514 604 2549 Βοιὼ.
630 2515 724 2548 1833.
