1937 3075
928 259 980 297 41

334 389 564 434 mameluc.-
605 390 670 429 καὶ
708 389 845 428 ἄλλοι
884 390 1049 428 τοιαῦτα
1097 390 1294 439 (mutatum
1336 402 1403 440 pro
1438 389 1585 439 ταῦτα)

334 463 458 511 λέγων
490 465 567 504 ἀπὸ
607 466 672 503 τοῦ
714 463 870 511 ἱματίου
908 463 1071 511 ἀφελεῖν
1103 461 1276 510 κροκύδα.
1336 461 1413 501 Ubi
1448 461 1588 514 optime

336 537 494 575 correxit
521 536 784 576 Schneiderus:
815 535 878 574 καὶ
910 532 1014 582 ἅμα
1044 537 1173 573 ταῦτα
1202 534 1325 581 λέγων
1350 535 1379 584 1)
1419 534 1483 573 sed
1512 533 1587 572 edi-

336 609 477 648 toribus
513 610 567 648 ita
606 608 813 648 necessario
856 608 1053 660 legendum
1097 621 1175 646 esse
1216 606 1415 659 persuasit:
1458 606 1589 658 quidni

337 681 417 720 fieri
438 695 544 734 posse
567 686 609 719 ut
637 680 746 720 ἄλλα
775 685 939 720 τοιαῦτα
964 680 1150 733 scripserit
1171 679 1468 731 Theophrastus?
1507 679 1589 717 Pla·

338 761 422 794 cent
451 770 517 795 sua
547 757 692 808 cuique.
748 759 801 796 At
828 756 902 795 iam
930 759 1080 808 apparet
1115 759 1158 794 ut
1186 753 1317 806 opinor
1345 767 1456 804 quam
1485 751 1590 792 utilis

337 841 394 866 res
422 828 471 866 sit
504 829 543 867 in
571 833 717 880 promtu
746 828 878 867 habere
905 828 1067 867 rationes
1095 826 1427 880 palaeographicaS.

392 905 420 938 Γ
452 901 662 952 saepissime
691 902 887 940 confusum
916 905 971 939 est
999 914 1083 939 cum
1112 900 1311 951 Digamma
1338 898 1489 937 Aeolico
1516 911 1592 936 non

339 972 497 1010 multum
527 972 698 1011 dissimili
727 973 845 1025 figura
872 986 1042 1025 expresso
1067 974 1112 1024 2).
1168 972 1365 1024 Digamma
1397 972 1456 1022 (w,
1487 972 1522 1022 v)
1553 971 1592 1010 in

340 1044 469 1094 quavis
501 1044 630 1095 lingua
667 1049 703 1083 et
736 1045 895 1083 dialecto
928 1044 1035 1083 facile
1070 1044 1203 1082 transit
1231 1044 1270 1082 in
1304 1059 1324 1081 υ
1353 1049 1390 1082 et
1422 1043 1473 1090 133
1514 1057 1593 1081 mu-

338 1115 432 1155 tatio
469 1116 508 1155 in
544 1131 572 1164 y
612 1128 718 1165 vero,
755 1117 843 1156 lieet
870 1116 954 1156 aliis
982 1116 1231 1169 compluribus
1258 1116 1395 1169 linguis
1422 1115 1591 1168 propria,

339 1189 436 1227 intra
464 1188 687 1228 Graecitatis
716 1190 807 1228 fines
834 1193 976 1238 tamen,
1006 1190 1045 1228 ni
1073 1190 1307 1228 vehementer
1340 1188 1456 1237 fallor,
1491 1188 1594 1226 nulla

339 1262 473 1300 idonea
501 1262 720 1301 auctoritate
747 1263 995 1302 confirmatur.
1039 1262 1321 1302 Animadvertat
1344 1261 1437 1300 mihi
1460 1261 1593 1312 aliquis

340 1334 513 1372 mirificas
536 1334 677 1386 glossas
700 1334 955 1386 Hesychianas
979 1334 1105 1385 quales
1130 1338 1217 1372 sunt
1239 1348 1302 1381 yx
1316 1334 1446 1377 κτὸς,
1468 1342 1509 1371 κ)
1520 1333 1590 1371 020·-

342 1422 423 1453 μοις
453 1406 596 1453 prohat,
626 1407 770 1451 ἱκκνὸνς
798 1406 1084 1453 γκνδοένειν,
1110 1406 1301 1454 ipso-netu
1333 1406 1589 1452 γατειλικὶ,

342 1479 473 1524 ουλκὶς
506 1480 647 1527 γέοιρ,
677 1479 766 1527 ἔκρς
800 1479 1023 1525 γε’κοιλον,
1051 1478 1211 1526 ἥσυχσνς
1239 1479 1398 1525 γεστὰ
1429 1478 1591 1522 Effluet-§.3

342 1553 441 1600 yla,
466 1551 555 1596 &von
568 1554 612 1602 3).
642 1552 769 1590 Unum
787 1552 949 1590 omnium
966 1552 1268 1590 absurdissimum
1290 1558 1345 1590 est
1367 1553 1454 1599 70),
1477 1554 1594 1600 αὐτῷ.

342 1625 421 1664 lam
445 1626 628 1676 quomodo
654 1626 907 1676 corrigendum
937 1626 987 1664 sit
1015 1625 1114 1673 70),
1146 1626 1269 1674 αὐτῷ,
1302 1626 1402 1676 quod
1424 1626 1497 1664 fide
1512 1627 1596 1664 'ma-

342 1698 399 1735 ius
428 1702 500 1745 est,
530 1712 603 1736 non
633 1698 732 1749 fugit
761 1697 858 1736 viros
887 1697 1034 1745 doctos3
1064 1698 1175 1736 iidem
1206 1703 1329 1736 tamen
1359 1698 1597 1750 gravissimas

340 1769 484 1821 regulas
512 1774 549 1808 et
576 1770 737 1808 theorias
767 1769 813 1808 de
841 1769 1039 1821 Digamma
1077 1775 1333 1822 superstruunt
1371 1771 1454 1809 aliis
1484 1772 1596 1823 scrip-

341 1844 434 1882 turis
468 1857 583 1894 aeque
620 1843 764 1882 vitiosis
792 1845 838 1894 4).
896 1843 935 1881 Si
969 1858 1027 1882 me
1058 1844 1185 1891 audis,
1218 1844 1425 1895 Hesychius
1453 1849 1496 1882 ut
1526 1845 1598 1883 alia

341 1916 457 1955 multa
500 1915 633 1954 stolide
676 1916 728 1954 sie
770 1915 861 1954 haec
904 1930 1052 1967 quoque
1086 1916 1147 1956 ‚nil
1190 1917 1264 1955 doli
1308 1917 1516 1969 suspicatus
1558 1917 1596 1956 in

383 2110 407 2152 ¹)
443 2109 491 2144 Cf.
515 2109 615 2143 Dobr.
638 2109 791 2143 Adverss.
814 2111 848 2151 1,
872 2121 945 2154 pag.
969 2111 1043 2144 161.

383 2162 408 2204 2)
443 2162 492 2195 Cf.
515 2161 594 2197 Tab.
616 2162 860 2197 Heracleenses.

383 2216 407 2259 5)
444 2215 528 2249 Vide
551 2215 671 2250 Athen.
693 2216 767 2250 Lib.
790 2215 885 2257 XIV,
909 2228 940 2260 p.
964 2217 1043 2257 629,
1067 2228 1100 2249 e:

340 2272 405 2305 ποῦ
424 2284 479 2313 μοι
505 2274 552 2305 *ric
572 2272 667 2314 issa,
686 2269 773 2319 Ιποῦ
792 2286 846 2315 μει
871 2275 918 2306 τὰ
939 2271 1049 2318 (Γ)’ίιι,
1066 2270 1071 2320 Ι
1088 2274 1153 2305 mi?
1174 2285 1228 2314 μοι
1252 2275 1299 2306 ’τὰ
1318 2275 1415 2307 καλὲ
1437 2274 1572 2309 &samm
1590 2272 1594 2321 Ι

341 2329 421 2365 τωδὶ
449 2332 495 2364 τὰ
520 2330 613 2373 Ῐόἓκ,
632 2329 637 2379 Ι
654 2330 734 2366 wa}
762 2337 810 2366 τὰ,
836 2330 885 2378 (Γ)
896 2331 950 2370 ἴα,
968 2329 973 2379 Ι
990 2330 1072 2365 τκέἶ
1100 2333 1147 2365 τὲι
1173 2333 1270 2365 aaz&
1296 2328 1437 2378 σέλιναΙ

381 2388 407 2429 4)
443 2386 494 2419 Cf.
517 2398 545 2420 e.
560 2398 592 2430 g.
615 2398 698 2429 quae
721 2399 759 2420 ea
782 2388 821 2421 de
842 2399 876 2420 re
898 2387 1045 2430 disputat
1066 2381 1246 2420 A'hrensius
1269 2388 1302 2420 in
1324 2388 1494 2421 notissimo
1513 2388 1596 2422 libro

338 2440 375 2472 de
396 2440 547 2472 Dialectis
573 2440 698 2473 Graecis
727 2439 784 2473 ubi
814 2439 920 2473 multa
944 2439 1129 2473 doctissime
1155 2442 1189 2473 et
1217 2440 1394 2473 rectissime
1424 2439 1596 2474 observata

338 2497 430 2535 suut,
454 2494 560 2528 multa
582 2507 663 2538 quac
686 2495 811 2529 nullam
834 2495 1061 2538 πειθκνιῑγκην
1084 2495 1204 2529 habent
1227 2496 1342 2530 melius
1364 2495 1523 2531 abessent.
