1937 3075
961 240 1011 275 23

356 364 449 406 οὖσα
488 368 551 406 καὶ
596 368 740 412 Σκιώνη
780 367 843 405 καὶ
872 365 1106 413 Ἱππάφεσις
1152 368 1216 406 καὶ
1232 398 1348 407 .....
1415 366 1459 406 In
1503 370 1606 405 tanta

355 440 561 492 frequentia
594 440 798 492 particulae
827 439 891 478 καὶ
918 439 1015 479 haud
1052 440 1255 492 poenitebit
1281 441 1438 494 primam
1467 453 1605 492 expun-

353 512 450 552 xisse
478 517 600 552 natam
631 526 651 551 e
679 512 932 564 dittographia
957 512 1058 563 (Vid.
1083 512 1175 565 Cap.
1202 513 1311 564 VII).
1368 512 1602 565 Legendum:

354 592 398 625 Φ.
440 586 488 633 γε’
526 602 580 625 τοι
619 585 817 624 ἐπαύσατο
854 585 1099 633 πορνευομένη
1136 585 1191 624 ἔτι
1228 585 1295 624 νέα
1329 583 1422 625 οὖσα
1453 594 1603 624 :eux-A..

352 658 489 698 Eadem
519 673 629 711 opera
658 659 890 698 Athenaeum
919 659 991 698 alio
1020 659 1114 698 vitio
1142 658 1307 699 liberabo
1345 659 1445 710 quod
1481 659 1606 711 depre-

352 731 464 771 hendi
492 731 531 771 in
560 732 685 771 verbis
711 745 806 784 quae
833 732 1013 771 continuo
1041 736 1259 784 sequuntur.

408 804 653 852 ,ΙΔήμοσθένή
699 805 738 844 δὲ
781 805 845 843 τὸν
890 805 1025 854 ῥήτορα
1071 806 1136 844 καὶ
1182 805 1519 850 τεκνοποιήσασθαι
1564 803 1606 850 ἐξ

352 878 503 927 ἑταίρας
532 877 614 927 ἔχει
645 878 772 926 λόγος.
800 878 916 922 αὐτὸς
944 882 1036 925 γοῦν
1063 879 1100 917 ἐν
1125 879 1176 928 τῷ
1207 878 1290 927 περὶ
1318 877 1476 927 Χρυσίου
1501 876 1604 926 λόγῳ

351 952 574 1000 προαγήοχε
609 952 660 990 τα
693 952 809 991 τέκνα
840 952 901 990 ἐπὶ
935 952 977 990 τὸ
1014 952 1272 1002 δικαστήριον,
1304 952 1350 995 ὥς
1384 951 1430 989 δι’
1456 949 1603 990 ἐκείνων

350 1023 453 1063 ἔλεον
489 1023 601 1071 ἕξων,
644 1025 760 1073 χωρὶς
788 1029 855 1069 τῆς
886 1025 1048 1072 μητρὸς,
1081 1024 1203 1064 καίτοι
1232 1025 1308 1069 ἔθος
1340 1024 1503 1073 ἐχόντων
1533 1026 1606 1061 τῶν

350 1097 567 1146 κρινομένων
610 1098 681 1142 τοὶς
723 1103 913 1145 γυναῖκας
948 1098 1177 1146 ἐπάγεσθαι.
1220 1099 1315 1138 αλλ’
1338 1098 1439 1138 αἰδοῖ
1474 1098 1606 1136 τοῦτ’

350 1171 556 1217 ἐποίησε
589 1171 746 1222 φεύγων
788 1172 857 1217 τὴν
895 1172 1093 1219 διαβολήν.
1147 1173 1286 1224 Ecquis
1315 1171 1504 1211 dubitabit
1531 1184 1606 1210 me-

349 1259 433 1284 cum
469 1259 663 1298 reponere:
707 1247 799 1285 ἀλλ’
825 1245 926 1286 αἰδοῖ
948 1248 1052 1285 τοῦτ’
1074 1248 1158 1286 οὐκ
1188 1245 1372 1291 §mino-s?
1427 1245 1608 1285 Animad-

349 1317 563 1357 vertendum
593 1319 790 1371 particulas
818 1321 880 1365 οὐ,
910 1320 985 1367 μή,
1016 1320 1076 1359 ἀεὶ
1106 1323 1179 1359 etc.
1209 1318 1392 1358 sexcentis
1424 1318 1516 1357 locis
1544 1331 1605 1357 cx·

349 1390 496 1429 cidisse.

403 1463 603 1502 Manifesta
640 1465 907 1517 dittographia,
951 1466 990 1504 ni
1033 1465 1155 1512 fallor,
1199 1465 1342 1503 obsidet
1379 1465 1528 1503 Lucret.
1558 1464 1602 1502 de

347 1535 457 1575 Deor.
488 1537 577 1575 Nat.
608 1552 642 1576 v.
676 1539 764 1576 150.
815 1538 1045 1577 Praecedunt
1073 1538 1268 1577 notissima
1296 1537 1379 1576 illa:

490 1656 594 1696 Hunc
619 1657 724 1702 igitur
747 1661 904 1692 terrorem
929 1658 1033 1692 animi
1058 1658 1278 1704 tenebrasque
1302 1670 1436 1693 necesse
1462 1662 1512 1693 est

490 1718 570 1752 Non
595 1719 680 1753 radii
707 1719 788 1753 solis
814 1731 923 1765 neque
947 1720 1062 1754 lucida
1086 1720 1153 1753 tela
1177 1720 1245 1753 diei

489 1781 684 1816 Discutiant
709 1781 769 1817 sed
794 1785 933 1817 naturae
959 1782 1084 1828 species
1109 1782 1271 1828 ratioque.

399 1881 541 1920 Deinde
569 1884 752 1934 sequitur:

488 1990 697 2037 Principium
722 1993 797 2026 hinc
822 1992 918 2026 cuius
945 1992 1043 2027 nobis
1069 1992 1206 2027 exordia
1231 1996 1359 2035 sumet,

487 2053 629 2087 Nullam
654 2066 724 2088 rem
749 2066 767 2088 e
793 2054 900 2088 nihilo
925 2055 1021 2099 gigni
1046 2055 1212 2089 divinitus
1237 2067 1397 2101 unquam.

397 2167 472 2216 Qui
494 2167 688 2206 verborum
713 2181 849 2206 nexum
878 2167 1039 2207 attendit
1061 2172 1098 2206 et
1118 2182 1223 2207 aures
1252 2168 1379 2216 habet,
1409 2168 1597 2208 restituet:

585 2282 794 2329 Principium
820 2283 917 2319 cuius
942 2283 1041 2318 nobis
1066 2284 1202 2319 exordia
1232 2287 1350 2318 sumet.

397 2397 442 2435 In
480 2396 620 2436 Herod.
659 2397 760 2437 Libr.
802 2398 844 2444 V,
884 2397 975 2449 Cap.
1015 2399 1065 2435 33
1109 2397 1273 2437 offendor
1314 2397 1415 2436 hisee
1457 2397 1595 2436 verbis:

346 2469 453 2516 ,ΙΣοὶ
485 2469 522 2507 δὲ
553 2469 616 2506 καὶ
657 2469 884 2507 τούτοισι
925 2474 1055 2508 τοῖσι
1098 2472 1362 2517 πρήγμασι
1401 2469 1439 2506 τί
1467 2469 1595 2513 ἐστι”ς
