1937 3075
985 255 1037 293 48

377 378 563 425 scribam,
593 392 677 417 cum
707 379 822 418 huius
860 380 1037 422 dramatis
1075 396 1211 423 nomen
1255 377 1398 437 semper
1432 384 1472 423 in
1509 384 1642 437 plurali

376 451 562 491 laudetur.
607 453 656 491 ln
685 454 810 505 aprico
837 455 1089 495 est'ultimam
1114 457 1257 496 literam
1280 458 1311 495 C
1337 457 1506 508 sequenti
1532 457 1641 496 verbo

376 523 545 570 πλέομεν
589 524 811 567 adhaesisse.
884 526 976 567 Vide
1017 532 1203 581 praeterea
1249 543 1341 581 quae
1383 529 1487 582 plura
1528 529 1641 569 habet

375 596 565 638 Porsonus
593 599 619 638 l.
635 599 659 638 l.

430 670 727 726 fAswoboetov,
767 672 964 718 ἁσμένως,
998 673 1186 721 χκίροντοι
1216 674 1316 726 apud
1344 674 1572 727 Hesychium
1600 675 1639 713 in

375 743 628 782 οέσποὶο-ιον
660 745 878 783 mutandum
909 758 988 783 esse
1020 759 1091 792 'sne
1121 746 1309 797 Guyetum
1335 746 1484 797 quidem
1513 746 1639 799 fugit'’

376 821 417 855 ut
445 816 498 854 ait
527 816 786 856 Ruhnkenius.
843 817 988 857 Similia
1016 824 1180 857 monstra
1205 819 1244 857 in
1273 818 1402 858 lexicis
1430 832 1539 858 nemo
1561 833 1637 859 non

374 889 487 929 semel
521 889 735 929 admonitus
764 891 873 930 facile
902 891 1136 943 interpretari
1165 895 1301 943 potest.

428 964 473 1002 In
508 963 765 1003 Valckenaerii
802 964 955 1004 Schedis
990 965 1130 1004 criticis
1168 965 1385 1004 emendatur
1406 965 1638 1017 Plutarchus

380 1035 457 1088 (II,
490 1038 593 1077 1099
619 1039 669 1089 c.)
710 1037 1031 1087 πολυτελέστερον
1071 1042 1139 1083 τῆς
1173 1038 1354 1082 θυσίας
1397 1039 1438 1077 τὸ
1473 1038 1632 1079 δεῖπνον.

371 1110 485 1149 Recte
523 1115 650 1150 monet
687 1115 756 1155 τῆς
795 1112 958 1155 οὐσίαις
998 1126 1075 1151 esse
1108 1111 1361 1164 reponendum
1387 1113 1431 1163 1).
1487 1111 1635 1151 Ibidem

370 1196 415 1221 ex
446 1183 494 1221 οὐ
525 1183 749 1230 (hamma
772 1185 872 1237 apud
885 1184 1095 1239 Lucianum
1113 1184 1188 1237 (II,
1207 1186 1299 1232 349)
1323 1185 1468 1225 elicitur
1495 1184 1635 1232 θυμοὶ-

370 1265 518 1295 ).ωποι.
563 1257 850 1309 Elegantissime
878 1257 1119 1296 Casaubonus
1148 1257 1187 1295 in
1211 1257 1402 1296 Athenaeo
1432 1271 1470 1309 p.
1496 1258 1573 1296 388
1601 1270 1634 1296 e.

371 1342 439 1381 pro
465 1328 541 1368 οιίεί
568 1327 653 1376 [ίῶ
684 1329 777 1378 φίλε
809 1331 855 1369 οὐ
887 1345 967 1379 με,
998 1315 1146 1375 ΘΤΜῤ
1176 1330 1354 1370 restituit.

428 1401 614 1439 Palmaria
638 1406 694 1441 est
725 1403 935 1441 emendatio
964 1402 1095 1441 Cobeti
1124 1402 1164 1440 in
1197 1415 1290 1440 vers.
1327 1401 1495 1454 Euripid.
1537 1402 1634 1454 apud

373 1475 619 1514 Plutarchum
647 1477 692 1514 de
719 1476 912 1513 audiendis
931 1475 1063 1524 poetis.
1121 1475 1226 1523 Quae
1254 1474 1365 1513 lectio
1393 1474 1433 1512 in
1461 1474 1635 1512 editioni-

373 1546 443 1586 bus
485 1546 743 1587 circumfertur
784 1547 915 1586 misere
957 1550 1012 1586 est
1054 1546 1266 1599 depravata.
1324 1544 1396 1585 Sed
1438 1545 1534 1586 clara
1570 1545 1635 1585 lux

372 1620 511 1658 affulsit
539 1633 582 1659 ex
613 1620 755 1673 optimo
784 1620 944 1672 quodam
972 1619 1099 1658 codice
1128 1619 1272 1658 Veneto
1296 1621 1326 1670 2)
1357 1618 1422 1658 ubi
1455 1619 1633 1671 scriptum

372 1696 513 1732 exstat:

591 1767 632 1805 τί
660 1768 758 1811 δῆτοο
790 1765 917 1806 οὖσιν
949 1768 1008 1806 δεῖ
1034 1782 1076 1805 σε
1106 1767 1429 1813 κατθανούμενονς

426 1866 574 1907 Addere
603 1867 709 1907 iubet
739 1882 773 1907 V.
804 1868 850 1907 cl.
880 1871 1062 1920 punctum
1101 1871 1138 1906 et
1167 1866 1341 1906 lineolam
1368 1870 1412 1905 ut
1441 1865 1635 1906 audiamus

371 1939 495 1991 ipsum
523 1939 763 1991 Euripidem:

566 2038 605 2077 τί
634 2039 733 2083 δῆτοο
764 2040 924 2083 ΘΤΕΙΝ
956 2039 1016 2077 δεῖ
1042 2053 1085 2077 σε
1116 2037 1436 2085 κατθανούμενονς

371 2140 571 2193 respondet
600 2140 837 2179 Palamedes:

555 2241 723 2289 ἄμεινον.
745 2241 864 2285 οὐδεὶς
894 2240 1071 2287 κάματος
1102 2238 1142 2280 εὖ
1174 2240 1304 2288 σέβειν
1333 2241 1447 2284 θεούς.

415 2445 439 2488 ’)
476 2443 526 2478 cf.
541 2441 801 2482 Hemsterhusii,
819 2440 956 2475 aliorum
972 2439 1113 2475 Miscell.
1130 2439 1225 2475 Obss.
1237 2438 1314 2474 Vol.
1325 2438 1391 2480 IX,
1414 2450 1446 2485 p.
1458 2439 1539 2480 149,
1560 2438 1635 2473 150.

415 2500 441 2542 ²)
474 2497 560 2533 Vide
584 2497 664 2532 Cob.
688 2497 780 2531 Orat.
804 2495 844 2529 de
866 2497 948 2530 Arte
970 2495 1145 2539 Interpret.
1166 2506 1197 2538 p.
1222 2494 1263 2527 80
1287 2504 1373 2537 seqq.
