1937 3075
964 245 1013 282 80

356 371 441 410 Lib.
481 371 603 420 VIII,
642 371 732 423 Cap.
773 373 817 419 8,
861 373 932 412 13:
973 374 1037 412 καὶ
1075 376 1185 412 τοῦτο
1227 372 1478 412 παντάπασιν
1524 374 1618 412 οὶνέ-

357 459 554 492 στραπται
585 448 622 483 et
650 444 736 483 Lib.
769 444 834 492 ΙΙ,
863 445 954 497 Cap.
985 449 1030 494 2,
1063 448 1084 484 5
1116 446 1180 485 ubi
1200 446 1397 498 genuinam
1420 446 1617 485 lectionem

357 521 482 556 servat
509 516 605 556 liber
634 516 870 569 Guelferbyt.
900 517 1017 557 Paris.

411 591 528 636 οέπὸ,
569 591 645 629 ἐπὶ
686 595 723 629 et
761 591 850 629 ὑπὸ
888 590 1060 642 plurimis
1097 592 1186 630 locis
1215 592 1312 631 inter
1340 606 1378 631 se
1408 596 1619 644 permutata

356 669 457 704 sunt.
488 663 608 703 Cuius
636 663 688 701 rei
717 662 899 714 imprimis
928 662 968 702 in
991 677 1099 702 eausa
1124 669 1212 702 sunt
1232 664 1488 716 compendiola
1517 678 1618 716 prae-

356 736 588 788 positionum
625 735 701 773 οὶπὸ
741 739 778 773 et
815 735 886 773 ὑπὸ
930 735 1060 773 literae
1095 736 1119 784 ζ
1150 750 1225 774 non
1264 736 1370 775 valde
1403 736 1617 783 dissimilia,

360 810 455 849 unde
495 809 520 859 ζ
548 808 733 847 interdum
775 821 841 860 pro
883 807 960 846 ἀπὸ
1002 807 1140 846 lectum
1179 812 1246 846 est.
1305 807 1406 846 Hinc
1449 807 1617 847 confusio

358 881 554 921 verborum
578 881 761 919 οὶπαιτεῑν
790 884 828 919 et
857 880 1005 929 ζητεῖν,
1035 880 1099 930 ζῆν
1125 885 1161 919 et
1176 880 1335 930 ἀποζῆν.
1361 879 1418 919 Cf.
1443 879 1616 931 Xenoph.

356 955 401 994 de
430 955 523 1007 Rep.
555 954 694 994 Athen.
723 953 766 1001 I,
807 955 869 992 15.

409 1027 533 1066 Schol.
570 1027 608 1066 in
648 1026 783 1079 Odyss.
815 1031 840 1066 Ξ
872 1027 950 1065 334,
982 1027 1017 1066 b.
1048 1026 1116 1073 ἐμὲ
1146 1026 1229 1075 πρὶν
1267 1025 1502 1076 ἀπέπεμψε]
1536 1039 1616 1070 νοη-

355 1100 437 1139 τέον
468 1101 506 1139 δὲ
544 1098 599 1138 ὅτι
640 1099 792 1147 ὕστερον
833 1100 936 1146 μετα
983 1100 1024 1137 τὸ
1059 1098 1302 1146 ἀποστρέψαι
1332 1099 1394 1137 τὸν
1424 1096 1616 1136 Ὀδυσσέα

357 1174 399 1212 ἐκ
426 1178 495 1217 τῆς
526 1173 704 1217 Δωδώνης
731 1188 766 1211 κ.
783 1187 819 1210 τ.
836 1182 872 1210 λ.
915 1172 1049 1211 Procul
1077 1171 1190 1211 dubio
1217 1171 1414 1223 legendum
1444 1175 1499 1209 est
1528 1171 1618 1209 ὑπο-

357 1245 541 1294 στρέψαι,
565 1249 651 1296 post
677 1243 834 1283 reditum
860 1243 1016 1297 Ulyssis.

414 1319 536 1357 Schol.
560 1319 598 1357 in
623 1319 755 1369 Odyss.
783 1323 808 1357 Ξ
841 1319 914 1355 521
939 1318 975 1356 b.
1006 1317 1257 1364 παρεκέσκετ’
1282 1316 1473 1367 ἀμοιβὰς]
1504 1315 1619 1362 παρέ-

360 1404 461 1429 κειτο
496 1391 515 1435 ἡ
549 1396 701 1439 χλαῖνα
744 1389 917 1437 οέμοιβοις
957 1387 1074 1434 οὖσα,
1117 1387 1138 1428 δ’
1177 1390 1279 1428 ἐστιν
1323 1389 1396 1428 ὑπ’
1421 1389 1617 1439 ἀμοιβῇ

360 1463 527 1509 κειμένη.
589 1463 671 1502 Imo
702 1463 773 1500 ἐπ’
797 1462 997 1511 οέμοιβῇ.

414 1535 474 1574 Ad
503 1549 538 1575 v.
569 1537 646 1575 269
676 1549 777 1587 seqq.
809 1541 853 1574 Σ.

472 1635 609 1687 (αὐτὰρ
640 1636 732 1681 ἐπὴν
763 1636 804 1680 δη
835 1635 958 1676 παῖδα
989 1636 1246 1684 γενειήσαντα
1276 1634 1375 1681 ἴδηαι

468 1709 642 1756 γήμασθ’
662 1705 687 1757 ᾧ
719 1711 753 1747 κ’
772 1709 976 1758 ἐθέλῃσθα,
1007 1710 1090 1748 τεὸν
1122 1709 1227 1748 κατὰ
1257 1710 1366 1755 δῶμα
1395 1711 1579 1760 λιποῦσα)

413 1818 635 1857 Scholiastes
663 1822 858 1857 annotasse
896 1819 1036 1857 fertur:
1075 1817 1136 1857 ἵνα
1179 1819 1232 1866 μη
1264 1819 1350 1858 ὑπὸ
1387 1818 1619 1868 πατρῴου

362 1891 604 1939 ἐξουσίας
646 1891 805 1938 γένηται
847 1891 863 1929 ὁ
902 1897 1009 1934 παῖς.
1069 1892 1247 1941 Dederat,
1277 1896 1321 1932 ut
1353 1893 1505 1945 opinor:
1537 1893 1618 1932 ἐπὶ

361 1963 569 2014 πατρῴῳ
600 1963 772 2014 ἐξουσίᾳ,
802 1965 867 2003 sub
887 1964 1018 2015 patria
1043 1968 1234 2015 potestate.

415 2038 520 2078 Idem
550 2037 853 2089 compendiolum
882 2037 906 2086 ζ
919 2037 1061 2075 =027r»
1091 2052 1219 2089 parum
1250 2039 1373 2078 differt
1401 2053 1423 2077 a
1450 2053 1622 2091 compen-

362 2110 434 2150 diis
461 2109 778 2163 praepositionum
807 2109 912 2148 κατα
942 2113 979 2148 et
1007 2109 1061 2148 ἐκ.

417 2182 479 2221 Ad
507 2182 643 2235 Odyss.
675 2187 724 2231 Ξ,
756 2183 834 2221 398
873 2181 1056 2221 scholium
1094 2181 1218 2221 editur
1251 2182 1450 2222 ridiculum
1479 2183 1519 2223 in
1547 2197 1622 2223 mo-

363 2254 453 2294 dum
482 2254 654 2293 vitiatum
684 2258 723 2293 et
750 2253 1031 2306 interpolatum.

419 2328 449 2366 εἶ
481 2327 519 2365 δὲ
551 2326 635 2365 καὶ
668 2326 782 2378 (Lege
811 2327 862 2365 sis
891 2328 950 2378 κε)
992 2327 1046 2373 μη
1087 2326 1395 2379 ἔλθησιηᾶναξ]
1433 2329 1463 2367 εἶ
1497 2328 1535 2367 δὲ
1568 2329 1622 2376 μὴ

363 2399 460 2440 ἔλθοι
502 2401 519 2439 ὂ
558 2400 620 2443 σὸς
656 2398 757 2446 ἄναξ
796 2399 889 2451 (ἤτοι
932 2400 948 2438 ὂ
980 2400 1205 2448 Ὀδυσσεὺς)
1242 2402 1289 2445 ὡς
1328 2401 1497 2451 οξγορεύω
1535 2402 1622 2446 τοὺς

363 2474 448 2518 σοὺς
480 2474 610 2522 δμῶας
652 2473 745 2526 (ἤτοι
776 2473 945 2526 δούλους)
986 2475 1193 2518 ἐπισσεύας
1230 2476 1398 2527 [αὐτοῖς]
1430 2475 1532 2528 (ἤτοι
1561 2491 1623 2515 κε-
