1937 3075
935 243 982 280 37

332 370 451 410 dictas
487 371 612 409 literas
648 372 761 409 fuisse
789 384 849 409 eas
879 384 971 421 quae
1000 360 1142 422 pollicis
1171 370 1448 409 crassitudinem
1481 369 1586 408 habe-

332 448 415 484 rent
453 444 538 497 quia
577 442 772 483 duodecim
812 442 985 496 pollices,
1029 441 1165 494 quibus
1206 456 1270 495 pes
1311 446 1475 491 constat,
1518 455 1585 495 pro

333 517 528 555 duodecim
564 516 671 554 uncis
709 515 901 554 habentur.
940 539 994 544 —
1028 514 1127 554 Utut
1165 529 1249 553 vero
1286 521 1342 554 est
1378 516 1490 554 hodie
1532 515 1585 554 sic

334 589 561 642 appellantur
611 603 673 629 eae
725 588 764 627 in
814 588 972 628 vetustis
1022 587 1234 636 codicibus,
1284 602 1377 639 quae
1429 587 1587 640 priscam

333 661 487 700 formam
531 650 680 700 servant
724 674 766 699 ac
808 660 949 699 solutae
994 665 1083 699 sunt
1129 673 1195 698 nec
1242 665 1373 698 mutuo
1415 660 1589 711 colligan-

335 738 408 772 tur.
471 733 700 772 Huiusmodi
740 733 867 772 literae
913 733 1076 772 unciales
1117 733 1362 772 observantur
1403 733 1441 771 in
1483 731 1590 771 libris

335 805 508 844 omnibus
542 805 588 844 ad
625 819 765 844 nonum
804 819 919 857 usquc
953 805 1151 844 saeculum.
1208 805 1319 843 Nono
1349 804 1487 857 quippe
1515 817 1590 842 sae·

336 877 420 916 culo
449 878 557 917 finem
587 878 754 917 fecerunt
781 878 913 918 Graeci
942 878 1153 918 uncialibus
1181 878 1296 917 literis
1325 877 1510 917 scribendi
1538 877 1592 916 ita

336 957 380 989 ut
407 964 454 990 ne
482 964 595 989 unum
621 949 777 1002 'quidem
805 951 968 990 codicem
999 950 1153 989 viderim
1191 954 1256 989 aut
1283 949 1421 989 alicubi
1449 954 1592 988 exstare

337 1023 591 1075 compererim,
635 1024 701 1075 qui
745 1027 829 1075 post
871 1036 1009 1062 nonum
1042 1022 1231 1061 saeculum
1260 1027 1429 1061 exaratus
1458 1020 1590 1070 fuerit,

336 1096 498 1149 exceptis
527 1101 650 1136 tamen
681 1096 786 1136 libris
814 1096 915 1135 chori
945 1101 982 1135 et
1009 1095 1183 1135 ecelesiae
1212 1095 1298 1134 usui
1329 1093 1555 1147 deputatis.’'

391 1168 495 1208 Ilaec
537 1169 582 1208 de
624 1169 740 1208 lite-ris
783 1168 991 1208 uncialibus
1032 1168 1201 1207 universe
1244 1168 1346 1207 dicta
1393 1167 1590 1207 sufficiant.

334 1242 508 1294 Singulas
553 1256 652 1281 nunc
699 1256 792 1294 quae
837 1243 910 1281 huc
957 1242 1100 1280 faciunt
1146 1241 1416 1280 observationes
1463 1241 1591 1280 ordine

336 1315 542 1354 recensebo.

391 1394 445 1430 A,
485 1393 541 1431 Δ,
583 1394 616 1426 Λ
654 1388 829 1427 facillime
863 1391 1132 1440 permutantur.
1188 1388 1261 1426 Fac
1302 1387 1506 1439 periculum
1547 1387 1588 1425 in

332 1461 465 1511 quovis
503 1460 648 1499 codice:
688 1459 830 1498 videbis
868 1460 975 1498 hasce
1012 1464 1087 1498 tres
1123 1460 1247 1497 literas
1285 1459 1426 1511 ingenii
1460 1459 1587 1512 potius

332 1546 443 1584 qnam
480 1533 669 1571 oculorum
708 1533 785 1572 acie
815 1546 892 1571 esse
922 1532 1190 1571 discernendas.
1248 1532 1468 1584 Saepissime
1500 1532 1586 1571 inde

329 1610 440 1644 notae
480 1619 716 1644 numerorum
759 1605 799 1644 in
832 1605 968 1656 quibus
1011 1604 1252 1643 coniectando
1294 1605 1387 1643 nihil
1429 1605 1588 1643 efficitur

331 1678 500 1717 funditus
528 1683 717 1730 corruptae
746 1682 844 1716 sunt.
903 1677 992 1716 Vidi
1021 1678 1059 1715 in
1088 1677 1240 1728 antiqua
1269 1677 1433 1716 editione
1461 1677 1586 1716 locum

330 1750 559 1801 grammatici
586 1751 711 1788 nescio
735 1743 930 1788 cuius'ubi
958 1749 1222 1788 Demosthenes
1250 1750 1290 1787 in
1318 1756 1452 1801 quarta
1475 1749 1589 1801 Olyn-

331 1821 452 1860 thiaca
480 1822 616 1861 dixisse
644 1823 779 1861 fertur:
810 1823 855 1860 ‘O
883 1823 954 1868 μὲν
983 1819 1041 1860 οὖν
1073 1824 1198 1870 παρὼν
1230 1821 1376 1870 καιρὸς,
1406 1820 1430 1861 ὦ
1457 1821 1587 1871 ἄνδρες

330 1892 541 1938 Ἀθηναῖοι,
584 1894 694 1941 μόνον
736 1895 822 1943 οὐχὶ
866 1895 974 1943 λέγει
1013 1896 1139 1944 Φωνῆν
1178 1896 1307 1945 ἀφιεὶς
1347 1905 1499 1935 κ.τ.λ.
1533 1919 1586 1927 —

329 1965 434 2003 'salia
469 1980 511 2004 ac
546 1967 678 2005 similia
715 1968 943 2016 σφάλματα
984 1982 1104 2019 neque
1143 1969 1239 2007 inter
1277 1969 1470 2020 legendum
1509 1970 1586 2007 ani·

330 2037 569 2078 madvertisse
599 2045 635 2078 et
673 2039 812 2079 edendo
841 2055 1058 2093 propagasse
1090 2041 1129 2079 in
1160 2040 1340 2080 Aldorum
1371 2040 1585 2093 aequalibus

329 2110 436 2149 facile
468 2111 620 2149 ferimus
629 2127 641 2159 3
683 2112 930 2151 recentiorum
973 2112 1155 2151 editorum
1193 2126 1279 2150 vero
1318 2112 1350 2150 si
1389 2113 1473 2164 quis
1508 2126 1584 2152 rem

328 2198 403 2221 non
441 2184 557 2221 multo
592 2184 723 2223 melius
760 2186 1072 2223 administraverit
1100 2191 1165 2223 aut
1199 2185 1351 2223 nimiam
1379 2186 1585 2225 festinatio-

327 2268 412 2293 nem
450 2260 531 2303 aut,
574 2257 673 2307 quod
707 2257 816 2296 etiam
853 2257 958 2309 peius
995 2262 1072 2305 est,
1115 2257 1245 2295 iudicii
1277 2256 1506 2306 tarditatem,
1538 2271 1584 2297 nc

328 2327 450 2365 dicam
484 2327 708 2376 absentiam,
739 2329 779 2366 in
807 2343 917 2367 eausa
946 2329 1060 2367 fuisse
1088 2329 1221 2367 merito
1251 2330 1487 2380 suspicantur
1515 2331 1584 2367 cri-

328 2399 405 2437 tici.
463 2399 509 2437 In
545 2399 637 2437 locis
674 2400 973 2451 impeditioribus
1016 2406 1142 2440 contra
1179 2401 1331 2440 minime
1375 2402 1581 2440 mirandum

328 2470 358 2509 si
389 2467 440 2513 εἷς
471 2471 560 2520 ἀνὴρ
593 2473 631 2510 οὐ
665 2472 776 2510 πανθ·
795 2471 880 2522 ὁρᾷ,
919 2472 982 2511 sed
1015 2472 1168 2512 omnino
1199 2473 1243 2512 de
1272 2472 1473 2512 editoribus
1501 2486 1582 2512 sen·
