1937 3075
919 267 969 303 65

313 395 527 446 negligitur.
569 393 663 432 Inde
686 391 911 431 nominativi
932 396 970 430 et
998 392 1117 431 dativi
1145 394 1284 444 primae
1312 394 1570 433 declinationis

313 467 524 517 frequenter
552 465 711 504 confusi.
754 463 974 515 Exemplum
1003 463 1086 502 dedi
1116 464 1204 516 Cap.
1226 465 1312 514 III,
1340 466 1382 504 in
1402 466 1570 518 Thucyd.

312 538 395 576 Lib.
421 537 506 584 III,
536 536 626 587 Cap.
647 537 712 574 82.
757 535 954 573 Caeterum
982 534 1023 572 in
1051 535 1304 586 compluribus
1339 537 1530 576 codicibus
1559 553 1569 576 1

313 608 434 648 notari
458 608 552 647 solet
581 621 657 646 uno
687 607 745 646 vel
774 606 920 646 duobus
946 606 1109 659 punctis.
1145 607 1189 646 Id
1218 621 1302 647 cum
1324 609 1381 652 fit.
1398 609 1574 649 facillime

314 681 469 732 spiritus
503 686 540 718 et
579 684 748 718 accentus
781 679 1022 727 omittuntur,
1063 684 1233 730 certaque
1274 680 1338 719 lux
1373 681 1481 720 unice
1514 695 1574 720 ex-

314 752 511 805 spectanda
540 752 581 791 ἔκ
610 755 682 791 τῶν
711 751 1050 802 συμφραζομένων.

368 834 392 864 λ
423 829 463 864 ut
500 829 630 877 sponte
665 824 890 876 intelligitur
923 824 1101 863 facillime
1135 830 1385 864 commutatur
1420 839 1506 865 cum
1529 840 1574 874 χ.

315 897 497 937 Idoneum
549 897 758 950 exemplum
805 896 956 936 exhibet
1006 896 1212 937 Dorvillius
1270 898 1485 949 (Animadv.
1534 898 1576 937 in

314 969 456 1008 charit.
490 983 527 1020 p.
559 970 653 1020 330)
697 969 738 1007 in
766 968 919 1007 vocibus
960 967 1094 1014 ἕληται
1141 973 1179 1007 et
1221 968 1376 1017 ἔχηται.
1433 969 1480 1008 In
1509 983 1576 1008 no-

317 1041 366 1081 tis
392 1055 629 1080 numerorum
666 1041 903 1093 potissimum
940 1041 1053 1080 multi
1094 1054 1233 1080 errores
1275 1056 1320 1081 ex
1361 1042 1432 1080 hoc
1474 1042 1576 1080 fonte

317 1114 516 1151 fluxerunt.

371 1186 428 1224 De
456 1185 480 1232 55
508 1190 545 1224 et
574 1186 598 1235 ζ
625 1184 710 1224 vide
738 1185 828 1237 Cap.
859 1185 936 1224 III.
999 1229 1003 1233 ,

373 1257 488 1309 Saepe
516 1271 592 1295 uno
618 1257 734 1296 ductu
764 1260 959 1296 exarantur
985 1256 1113 1296 literae
1140 1271 1183 1305 τρ
1215 1261 1253 1296 et
1279 1272 1314 1296 τι
1347 1257 1413 1310 qui
1441 1257 1575 1296 ductus

320 1331 533 1370 simillimus
560 1345 637 1369 esse
666 1334 790 1383 potest
818 1331 956 1383 figurae
980 1330 1015 1376 ξ.
1075 1331 1174 1370 Hinc
1203 1331 1330 1370 crebra
1352 1331 1576 1384 permutatio

320 1403 418 1441 inter
446 1403 487 1450 ἐξ
516 1408 554 1442 et
582 1402 658 1446 ἔτι,
691 1402 794 1449 ἄξιος
824 1407 862 1441 et
890 1402 1023 1446 αἴτιος.
1078 1403 1457 1443 Animadvertendum
1486 1417 1577 1455 quo-

323 1490 395 1527 que
433 1477 534 1528 quod
570 1480 694 1516 monet
735 1476 896 1515 Cobetus
934 1477 978 1515 de
1017 1477 1137 1516 verbis
1167 1476 1308 1523 ὅξύνειν
1342 1482 1379 1516 et
1414 1477 1576 1526 ὀτρύνειν

321 1548 420 1587 inter
447 1562 485 1587 se
519 1548 665 1596 mixtis,
706 1548 820 1600 (Nov.
850 1548 953 1587 Lect.
982 1562 1019 1600 p.
1050 1550 1100 1588 80
1129 1550 1222 1600 seq.)
1263 1549 1430 1601 exemplo
1468 1549 1579 1588 allato

323 1635 368 1660 ex
397 1621 558 1660 secundo
586 1620 680 1659 libro
709 1620 1014 1659 Maccahaeorum
1047 1621 1125 1669 IX,
1158 1623 1193 1660 7:
1233 1624 1305 1669 πῦρ
1345 1621 1464 1660 πνέων
1499 1627 1578 1665 τοῖς

323 1693 450 1739 θυμοῖς
490 1692 554 1731 καὶ
595 1692 757 1732 κελεύων
796 1692 1058 1741 ἔποξύνειν
1098 1694 1166 1739 τὴν
1206 1694 1356 1745 πορείαν
1398 1695 1456 1748 (L.
1493 1696 1579 1735 ἕπο-

322 1765 496 1816 τρύνειν).

376 1838 546 1877 Errorem
588 1851 632 1877 ex
666 1838 736 1876 hoc
770 1852 903 1890 genere
932 1839 1025 1877 mihi
1061 1839 1343 1891 deprehendisse
1376 1841 1504 1880 videor
1541 1842 1582 1880 in

325 1910 485 1950 Scholiis
521 1911 567 1950 ad
603 1909 675 1950 Od.
712 1910 764 1951 N.
797 1912 886 1952 174.
945 1912 1067 1951 Verba
1105 1912 1195 1951 facit
1232 1926 1296 1952 rex
1327 1913 1508 1953 Alcinous
1542 1913 1582 1952 in

325 1985 426 2023 hunc
455 1984 604 2022 modum
617 2000 625 2023 :

383 2086 407 2128 ὦ
438 2088 572 2137 πόποι,
604 2085 625 2132 ἦ
654 2087 769 2134 μάλα
799 2089 842 2134 δή
871 2103 922 2136 με
950 2089 1195 2138 παλαίφατοι
1225 2089 1385 2138 θέσφαθ’
1403 2090 1523 2129 ἱκάνει

382 2162 524 2210 πατρὸς
555 2162 669 2208 ἐμοῦ,
702 2159 739 2203 ὃς
769 2159 921 2209 ἔφασκε
950 2160 1177 2200 Ποσειδάων’
1194 2160 1414 2208 ἄγασεσθαι

383 2236 497 2282 ἡμῖν,
529 2234 663 2274 οὕνεκα
692 2234 837 2281 πομποὶ
867 2235 1061 2281 ἀπήμονες
1091 2234 1194 2281 εἰμὲν
1223 2234 1419 2274 ἁπάντων.

329 2344 391 2383 Ad
418 2343 551 2384 ultima
592 2342 702 2383 verba.
743 2341 965 2382 scholiastes
1007 2346 1178 2383 annotat:
1223 2340 1278 2382 ὅτι
1321 2343 1384 2383 καὶ
1416 2347 1489 2383 τῶν
1519 2345 1582 2391 μὴ

329 2417 541 2464 ἀναξίων
569 2416 777 2464 ἀπήμονες,
807 2415 861 2462 μὴ
892 2416 1021 2459 ἐῶντες
1048 2416 1188 2460 αὐτοὺς
1210 2416 1483 2464 πημαίνεσθαι.
1516 2418 1584 2457 Fa-

328 2495 409 2531 teor
435 2490 526 2530 haec
556 2493 598 2529 ut
635 2503 735 2530 nunc
767 2493 855 2529 sunt
891 2489 1017 2541 aliquo
1045 2489 1156 2530 modo
1194 2491 1371 2543 explicari
1398 2505 1524 2543 posse,
1553 2491 1586 2530 si

1406 2564 1420 2588 ε
