1937 3075
934 249 957 285 9

321 378 375 419 sic
403 378 637 432 peculiariter
666 378 763 417 valet
791 377 838 416 de
864 376 1049 416 erroribus
1074 377 1307 418 librariorum
1340 379 1380 418 in
1408 383 1574 419 veterum

321 451 470 505 scriptis
506 449 754 490 describendis
788 462 927 501 proque
964 462 1031 487 sua
1061 450 1195 501 peritia
1222 450 1509 504 interpretandis
1536 455 1575 492 et

322 524 563 576 corrigendis,
618 523 715 562 Cum
750 522 847 562 enim
886 521 957 561 hoc
990 521 1149 562 habeant
1181 523 1320 563 maiora
1352 524 1501 577 ingenia
1531 529 1573 564 ut

323 597 429 649 quasi
456 596 673 649 splendeant
693 609 760 634 sua
784 596 943 647 quisque
962 595 1109 647 propria
1130 586 1214 634 luce
1237 599 1282 634 et>
1301 610 1323 634 a
1350 610 1389 635 se
1415 596 1575 636 invicem

324 668 452 708 statim
491 668 777 720 dignoscantur,
815 667 982 706 homines
1019 666 1145 706 obtusi
1183 671 1221 706 et
1250 667 1401 707 hebetes
1427 673 1576 718 contra,

323 741 452 792 quales
487 740 685 780 admodum
721 743 827 779 erant
866 739 1091 779 Graecorum
1129 739 1201 779 seri
1238 743 1409 792 nepotes,
1452 753 1579 779 omnes
1608 727 1611 732 ⁸

322 813 399 853 fere
422 813 573 853 eandem
597 812 798 865 imaginem
820 812 1001 861 referunt,
1030 811 1163 851 iisdem
1183 812 1367 852 erroribus
1393 812 1579 862 labuntur,

323 886 451 925 eadem
479 885 707 936 ἀναισθησίᾳ
746 884 915 924 codicum
944 885 1038 924 vitia
1071 889 1330 936 concoquunt,
1359 899 1455 924 nova
1482 899 1581 924 com·

324 960 502 1007 mittunt,
537 958 631 997 malo
668 958 809 998 malum
848 961 998 1010 augent.
1054 958 1143 997 Non
1171 958 1337 1010 profecto
1370 958 1582 998 istiusmodi

325 1032 516 1071 hominum
549 1035 627 1071 erat
665 1044 758 1082 quae
791 1034 958 1069 auctores
999 1043 1114 1082 paene
1154 1030 1310 1082 perfecti
1351 1030 1582 1070 saeculorum

324 1105 499 1145 memoria
533 1104 648 1158 digna
681 1104 898 1157 scripserant
937 1117 980 1142 ea
1017 1103 1063 1142 ab
1104 1103 1206 1142 omni
1232 1103 1314 1143 labe
1341 1117 1433 1156 pura
1459 1107 1498 1143 et
1525 1104 1582 1143 in-

326 1183 430 1230 tegra
458 1178 600 1217 tradere
638 1177 858 1229 posteritati.
915 1177 1030 1228 Saepe
1058 1177 1252 1216 verborum
1287 1191 1413 1216 sensus
1449 1186 1581 1229 parum

325 1249 461 1289 curiosi
490 1249 580 1289 satis
609 1262 792 1302 superque
820 1248 1007 1288 habebant
1034 1248 1212 1287 librorum
1240 1248 1460 1301 scripturam
1488 1251 1581 1289 osci-

325 1327 446 1362 tanter
474 1323 683 1375 depingere.
741 1322 977 1373 Quamquam
1004 1321 1186 1360 eiusmodi
1224 1322 1393 1360 socordia
1422 1323 1582 1374 complu-

325 1396 427 1434 ribus
459 1396 552 1434 locis
587 1395 849 1435 detrimentum
886 1395 1078 1442 intulerit,
1116 1409 1338 1447 quamquam
1367 1410 1481 1448 prava
1509 1397 1583 1435 sin—

326 1467 495 1520 gulorum
537 1467 733 1508 verborum
774 1467 1028 1522 interpunctio
1071 1471 1109 1509 et
1149 1468 1313 1509 infelices
1358 1469 1579 1522 syllabarum

327 1540 546 1580 omissiones
576 1542 630 1580 vel
665 1542 902 1593 repetitiones
929 1546 967 1580 et
994 1542 1200 1592 frequentes
1232 1543 1441 1590 literarum,
1481 1557 1579 1582 com-

326 1612 563 1664 pendiorum,
599 1613 774 1666 siglorum
808 1628 884 1653 non
920 1614 1079 1653 multum
1114 1614 1353 1654 dissimilium
1393 1620 1578 1668 permuta-

326 1685 446 1724 tiones
473 1690 639 1725 monstra
668 1700 772 1738 saepe
799 1687 995 1738 genuerint
1022 1692 1135 1737 atque
1167 1691 1355 1738 portenta,
1393 1691 1518 1727 tamen
1546 1690 1578 1727 si

326 1771 415 1795 sano
454 1757 592 1827 iudicio
629 1759 770 1797 accedit
797 1758 1019 1797 Graecitatis
1057 1758 1212 1798 scientia
1245 1763 1281 1798 et
1310 1760 1400 1798 artis
1433 1761 1578 1812 palaeo-

324 1829 526 1881 graphicae
572 1830 692 1878 uitia,
721 1830 829 1869 facile
853 1830 923 1869 erit
951 1831 1084 1870 horum
1106 1845 1274 1883 magnam
1299 1836 1438 1884 partem
1467 1833 1578 1872 inter-

324 1903 459 1955 pretari
488 1918 530 1942 ac
573 1917 764 1943 ›rocurare
807 1904 929 1943 Multo
957 1905 1107 1957 gravius
1135 1919 1173 1944 se
1200 1919 1257 1944 res
1285 1905 1396 1945 habet
1423 1906 1455 1945 si
1483 1907 1579 1946 forte

323 1977 461 2029 placuit
485 1977 596 2017 docto
621 1979 801 2018 monacho
824 1982 889 2017 aut
913 1979 1122 2031 magistello
1150 1979 1391 2032 scriptoribus
1413 1980 1578 2032 antiquis

324 2050 518 2089 admovere
546 2065 696 2090 manum
725 2052 986 2104 corruptricem
1015 2056 1052 2091 et
1081 2052 1273 2104 pristinam
1301 2053 1495 2092 verborum
1524 2069 1578 2093 sa·

324 2124 478 2162 nitatem
506 2125 681 2175 refingere
704 2124 750 2162 ad
774 2137 938 2163 normam
962 2125 1143 2175 sequioris
1166 2126 1258 2164 aevi.
1302 2125 1405 2164 Haec
1429 2140 1579 2177 quoque

324 2196 455 2235 menda
485 2196 611 2236 tollere
639 2201 795 2249 possunt
823 2197 954 2236 critici.
1012 2197 1085 2236 Sed
1120 2211 1213 2249 opus
1240 2202 1296 2236 est
1324 2198 1387 2237 diu
1418 2213 1579 2239 versasse

323 2269 581 2320 grammaticos
618 2273 653 2308 et
692 2269 967 2321 lexicographos
1003 2274 1040 2308 et
1079 2269 1242 2321 reliquos
1284 2283 1409 2310 aereae
1448 2273 1579 2311 aetatis

323 2342 517 2393 scriptores
538 2343 604 2393 qui
624 2357 761 2395 purum
784 2356 986 2382 sermonem
1012 2343 1167 2381 atticum
1191 2357 1303 2394 quem
1325 2344 1398 2396 ipsi
1420 2346 1580 2397 turpiter

322 2413 495 2466 ignorant
530 2415 712 2454 neminem
749 2420 846 2454 recte
887 2415 1072 2454 docebunt
1114 2416 1177 2455 sed
1222 2431 1380 2468 quorum
1422 2419 1579 2471 repetita

323 2486 436 2525 lectio
474 2487 543 2526 hoc
581 2488 709 2527 saltem
747 2488 927 2538 commodi
971 2487 1081 2527 habet
1119 2489 1220 2540 quod
1258 2490 1372 2529 facem
1401 2491 1582 2542 praeferat
