1937 3075
687 774 947 869 CAPUT
997 810 1369 870 TERTIUM.

448 1236 613 1286 Agemus
652 1235 722 1273 hoc
761 1235 882 1286 capite
918 1234 963 1273 de
1004 1234 1146 1273 mendis
1175 1235 1272 1273 natis
1305 1248 1348 1273 ex
1379 1236 1560 1288 scriptura
1588 1250 1654 1274 un-

392 1307 498 1352 ciali,
528 1321 623 1359 quae
652 1308 776 1346 omnia
805 1308 916 1346 etiam
946 1308 986 1346 in
1015 1307 1257 1347 minusculam
1287 1321 1325 1347 se
1353 1307 1559 1347 insinuasse
1590 1308 1653 1347 vix

394 1394 490 1432 opus
532 1384 589 1419 est
627 1385 669 1418 ut
707 1393 873 1418 moneam
901 1381 944 1431 ¹).
998 1379 1142 1418 Deinde
1179 1380 1376 1432 separatim
1413 1380 1652 1419 tractabimus

392 1465 532 1490 errores
559 1451 727 1503 proprios
756 1451 960 1489 characteri
988 1451 1115 1502 ligato.

447 1523 550 1573 Quid
591 1524 665 1563 sint
702 1524 830 1563 literae
864 1524 1028 1563 unciales
1065 1524 1212 1576 copiose
1247 1524 1414 1575 disputat
1453 1523 1652 1563 Montefal-

391 1597 521 1635 conius
566 1597 774 1648 (Palaeogr.
815 1597 880 1635 Gr.
925 1610 1010 1648 pag.
1048 1596 1122 1648 XI)
1168 1611 1267 1648 „qua
1310 1611 1399 1636 voce
1438 1596 1563 1635 nescio
1606 1611 1651 1636 an

392 1669 578 1721 quispiam
604 1674 690 1707 ante
710 1669 979 1720 Hieronymum
1006 1669 1055 1707 sit
1079 1682 1186 1708 usus:
1215 1669 1261 1708 de
1284 1669 1498 1709 auctoribus
1520 1669 1653 1722 loquor

392 1754 553 1791 quorum
591 1742 727 1793 scripta
763 1746 978 1792 supersunt:
1016 1741 1200 1792 siquidem
1239 1745 1323 1780 ante
1361 1741 1412 1780 H.
1449 1741 1651 1781 adhibitam

390 1813 527 1862 fuisse,
557 1813 634 1865 ipse
665 1813 716 1853 H.
746 1813 876 1852 suadet
903 1813 943 1851 in
972 1813 1207 1852 Praefatione
1235 1812 1321 1852 libri
1350 1813 1435 1853 Iob.
1460 1813 1651 1862 Habeant,

390 1885 536 1936 inquit,
574 1885 639 1937 qui
669 1885 803 1924 volunt
834 1889 972 1924 veteres
1010 1885 1125 1924 libros
1154 1885 1214 1924 vel
1249 1885 1287 1924 in
1317 1885 1539 1925 membranis
1567 1899 1652 1938 pur-

389 1957 516 2008 pureis
544 1971 633 1996 auro
659 1961 886 2009 argentoque
909 1957 1113 2009 descriptos
1139 1957 1197 1996 vel
1220 1957 1445 2006 vencialibm,
1476 1961 1518 1996 ut
1544 1958 1651 2007 vulqo

390 2030 518 2079 aiunt,
550 2030 670 2070 literis
703 2044 815 2069 onera
848 2030 965 2082 magis
993 2034 1140 2070 exarata
1177 2044 1287 2082 quam
1326 2030 1484 2070 codices.
1512 2053 1566 2061 —
1594 2030 1652 2070 De

391 2104 494 2142 vocis
529 2103 674 2156 origine
709 2118 782 2143 non
820 2104 873 2142 ita
911 2107 1075 2143 constat:
1116 2104 1284 2155 plerique
1321 2108 1456 2156 putant
1486 2104 1651 2143 unciales

434 2311 458 2352 ¹)
493 2310 545 2343 De
574 2308 768 2352 cognatione
799 2318 882 2350 quae
915 2306 1088 2340 intercedit
1115 2306 1199 2340 inter
1230 2307 1440 2353 majusculam
1468 2311 1502 2342 et
1531 2309 1651 2342 minus-

389 2361 497 2396 culam
521 2361 562 2395 cf.
587 2359 830 2393 observationes
853 2369 933 2402 quas
961 2358 1135 2392 utilissimo
1163 2369 1222 2392 suo
1249 2359 1420 2403 opusculo:
1450 2360 1651 2405 ,Anleitung

386 2426 445 2448 zur
467 2413 698 2448 Griechischen
721 2411 997 2455 Palaeographie’'
1021 2410 1142 2445 adiecit
1167 2411 1456 2453 wattenbachius,
1483 2414 1651 2448 Professor

386 2464 685 2509 Heidelbergensis.
