1937 3075
937 282 985 320 15

331 411 450 446 totam
478 407 701 446 sententiam
727 406 949 446 obscuravit.
1002 407 1123 446 Ouius
1145 409 1200 447 rei
1225 408 1267 447 in
1292 411 1454 447 mentem
1482 407 1587 447 venit

332 478 493 517 nitidum
522 478 744 530 exemplum.
799 476 870 516 Est
901 477 1005 516 locus
1042 478 1142 530 apud
1176 478 1393 518 Libanium:
1437 478 1586 530 (Beiske

331 550 417 599 III,
447 564 484 603 p.
516 552 592 590 261
626 550 709 599 περὶ
734 553 802 589 τοῦ
829 549 1019 604 τάπητος)
1046 548 1141 590 οὕτω
1173 549 1252 599 γὰρ
1279 550 1468 599 αἰσχύνης
1502 551 1582 590 ἐστὶ

331 623 373 662 τὸ
402 625 572 671 πρᾶγμα
603 622 746 671 μεστὸν
773 621 862 661 ὥστ’
880 623 955 671 οὐχ
982 622 1159 671 ὁρώμενος
1191 621 1207 660 ὅ
1234 623 1285 671 τῷ
1311 622 1457 667 nixum
1483 638 1585 672 περι-

330 695 455 735 πεσὼν
485 697 764 744 καταγελᾶται
802 693 914 744 μόνον
946 695 1058 735 ἀλλὰ
1088 693 1161 735 κᾶν
1193 694 1245 738 εἰς
1276 692 1338 736 οὓς
1368 693 1584 744 ἐφίκηται,

329 768 555 818 γραφόντων
591 769 629 808 ἐν
668 775 716 819 τῇ
756 764 900 819 διανοίᾳ
939 770 1028 807 τῶν
1072 766 1350 807 ἀκουόντων
1385 766 1428 806 τὸ
1465 781 1587 816 πρατ-

276 882 279 884 .
328 840 498 887 τόμενον.

384 913 480 963 Quis
518 918 597 953 tam
633 913 768 953 obtuso
805 916 862 954 est
897 912 1048 966 ingenio
1085 916 1129 952 ut
1155 911 1219 951 hic
1245 912 1342 952 nihil
1369 911 1587 952 mutandum

329 999 407 1025 esse
434 985 661 1026 contendat?
717 982 774 1024 Tu
813 998 961 1024 mecum
989 982 1098 1024 crede
1124 982 1265 1024 Cobeto
1298 984 1351 1028 εἷς
1383 980 1460 1028 οὖς
1491 983 1588 1034 ἀφί-

329 1072 442 1103 κηται
466 1058 660 1111 reponenti
685 1062 723 1096 et
746 1056 889 1097 videbis
915 1056 970 1096 sic
998 1056 1124 1096 omnia
1146 1060 1245 1096 recte
1266 1056 1475 1109 procedere.
1514 1056 1587 1096 Sed

328 1129 399 1168 hoc
427 1129 508 1169 ὁδοῦ
540 1128 742 1178 πάρεργον.

383 1202 545 1242 Afferam
573 1215 673 1242 nunc
700 1202 804 1242 locos
827 1201 972 1252 aliquot
993 1213 1086 1252 quos
1108 1215 1149 1240 ea
1174 1201 1317 1241 ratione
1340 1215 1454 1252 quam
1475 1215 1586 1254 snpra

328 1273 493 1314 indicavi
521 1273 680 1314 feliciter
702 1273 944 1314 emendarunt
966 1273 1227 1323 casaubonus,
1255 1273 1462 1324 Bentleius,
1477 1274 1585 1316 Valo-

327 1348 521 1388 kenaerius
548 1361 720 1400 quoque,
749 1348 856 1387 cuius
879 1348 1121 1388 Corollarim
1146 1348 1313 1388 criticum
1327 1348 1518 1388 Diatribae
1544 1348 1585 1388 in

329 1421 519 1473 Euripidis
563 1421 767 1473 fragmenta
816 1421 999 1460 adiectum
1050 1421 1264 1460 etiamnunc
1312 1420 1583 1473 philologorum

327 1493 461 1532 studiis
497 1493 686 1544 quantivis
724 1497 780 1532 est
817 1493 940 1545 pretii.
998 1492 1150 1532 Habent
1183 1493 1284 1532 enim
1321 1492 1390 1532 hoc
1426 1492 1582 1533 Valcke-

325 1565 441 1604 naerii
468 1564 605 1617 scripta
632 1565 670 1604 in
700 1565 847 1616 paucis,
877 1569 921 1604 ut
949 1564 1102 1604 minime
1125 1564 1279 1604 verbosa
1315 1578 1436 1615 neque
1468 1564 1581 1604 densa

324 1632 563 1676 minutiarum
592 1636 777 1688 farragine
805 1636 954 1689 oppleta
981 1650 1102 1687 rerum
1137 1636 1259 1689 capita
1293 1636 1435 1687 ubique
1462 1635 1579 1676 admi-

323 1708 432 1748 rabili
459 1708 617 1761 quadam
646 1711 724 1747 arte
753 1711 941 1761 exponant
962 1709 1008 1760 1).

376 1781 459 1820 Iam
491 1781 729 1820 inventorum
764 1794 898 1834 agmen
933 1781 1046 1820 ducat
1088 1780 1229 1833 optima
1265 1780 1476 1822 coniectura
1510 1781 1578 1821 Ca·

322 1853 477 1894 sauboni
519 1867 593 1906 quo
628 1867 744 1910 ‚nemo
780 1853 890 1906 plura
926 1853 1132 1908 elegantius
1169 1853 1392 1895 emendavit.
1446 1853 1579 1895 Exstat

320 1926 420 1978 apud
456 1926 691 1965 Athenaeum
730 1925 831 1978 (XV,
870 1927 968 1975 699,
1006 1926 1049 1979 f.)
1087 1926 1333 1979 fragmentum
1369 1925 1577 1980 elegiacum

319 1998 522 2037 Alexandri
560 1998 685 2037 Aetoli
723 2002 790 2038 ’τοῦ
828 1982 1271 2048 τραγῷδιοδιδασκάλου,
1308 1998 1410 2038 haud
1436 1998 1578 2050 illepidi

319 2074 447 2124 poetae
475 2073 655 2123 quantum
679 2084 725 2111 ex
746 2070 878 2125 paucis
901 2071 1066 2125 reliquiis
1089 2071 1247 2113 iudicari
1266 2074 1400 2125 potest.
1436 2070 1576 2125 Depin-

318 2143 420 2194 gitur
446 2143 637 2193 παρῳδιῶν
666 2146 823 2190 ποιητής
852 2159 910 2188 τις
941 2144 1168 2185 Siciliensis:

360 2355 385 2398 Ι)
418 2352 584 2398 Imprimis
609 2353 715 2387 multa
737 2363 789 2387 me
813 2351 965 2387 didicisse
990 2353 1104 2397 gratus
1131 2362 1271 2397 agnosco
1289 2363 1332 2387 ex
1356 2353 1483 2388 Schedia
1503 2353 1575 2388 cius

262 2403 269 2425 ³
316 2409 435 2442 criticis
455 2406 490 2440 in
511 2405 677 2450 privatum
699 2405 1011 2450 usumconsctiptis
1037 2416 1120 2450 quac
1145 2416 1272 2440 summa
1292 2405 1449 2452 religione
1475 2417 1576 2442 asser·

316 2461 437 2494 vantur
453 2459 487 2493 in
507 2457 713 2493 Bibliotheca
726 2457 1045 2502 Lugduno-Batava.
1079 2456 1225 2499 Quarum
1246 2457 1478 2492 humanissime
1493 2458 1574 2492 mihi

316 2511 441 2557 copiam
459 2509 540 2544 fecit
560 2509 612 2544 vir
633 2509 841 2544 doctissimus
856 2509 897 2544 G.
912 2509 958 2546 N.
969 2507 1018 2542 du
1032 2508 1120 2543 Rieu
1136 2508 1360 2544 Bibliothecae
1379 2509 1573 2554 praefectus.
