1937 3075
973 253 1022 292 74

357 379 441 419 ἔνιοι
470 380 509 420 δὲ
537 385 626 425 ταῖς
653 380 876 429 ἡγεμονίαις
904 381 1286 422 συνεπακολουθείτω.
1319 383 1334 421 ὃ
1365 383 1404 422 δὲ
1433 383 1618 432 Αρίστοιρ·

355 468 427 502 χος
442 455 490 506 (Ρ)
522 459 600 498 τοῖς
630 458 702 493 τῶν
733 455 949 504 οέναικτόρων
980 457 1133 495 υἱοῖσι·
1163 454 1251 504 ὅπερ
1283 456 1363 494 ἐστὶ
1389 455 1616 508 Rem-toust).

358 528 460 567 Satis
487 528 683 577 mendose,
720 533 765 568 ut
792 529 874 569 luce
912 529 1045 569 clarius
1087 534 1240 582 apparet
1277 544 1320 569 ex
1357 529 1439 582 ipso
1473 543 1615 577 rerum,

356 614 453 653 quae
491 602 530 640 in
575 601 742 654 Odyssea
783 606 999 650 narrantur,
1044 606 1220 642 contextu
1263 606 1300 641 et
1342 616 1385 641 ex
1428 600 1618 654 Hesychio

358 674 411 726 (in
441 676 545 726 voce)
555 690 566 722 ς
600 688 721 726 neque
765 674 898 713 mirum
939 674 1061 713 locum
1107 675 1301 727 Apollonii
1342 675 1426 727 plus
1458 674 1568 713 semel
1596 688 1617 713 a

357 746 496 786 criticis
533 751 861 786 commemoratum
899 760 978 786 esse
1015 747 1045 785 si
1084 748 1168 798 quis
1200 747 1309 786 vellet
1342 748 1464 800 lepide
1491 747 1617 787 tradu-

357 832 438 858 cere
482 819 732 857 incredibilem
775 819 980 858 scribarum
1019 819 1278 870 editorumque
1318 819 1615 871 incogitantiam.

356 891 455 930 Illud
484 891 654 943 equidem
685 891 799 930 miror
828 891 876 930 G.
905 891 1139 930 Dindorfium
1169 891 1288 930 virum
1318 891 1615 940 celeberrimum,

356 964 422 1015 qui
451 963 573 1003 Schol.
610 964 649 1002 in
678 963 751 1002 Od.
786 978 871 1016 pag.
902 965 977 1002 616
1010 964 1121 1003 verba
1155 964 1346 1016 Apollonii
1389 964 1436 1003 ad
1477 964 1615 1004 calcem

356 1036 515 1085 adiecit,
545 1036 784 1076 manifestum
814 1049 971 1075 errorem
1001 1050 1076 1075 non
1105 1036 1316 1076 correxisse.

410 1111 731 1158 ΠΗΡ--επικτὴρ
779 1112 905 1162 (πρὸς,
955 1112 1039 1160 πρὶ,
1087 1126 1187 1159 πρκ,
1234 1102 1321 1162 ἦ
1364 1111 1403 1149 in
1447 1109 1616 1149 vocativo

355 1183 570 1236 praesertim
599 1197 683 1223 cum
714 1185 781 1234 πὲρ
812 1188 850 1224 et
878 1185 960 1234 περὶ
992 1188 1279 1224 commutarunt.

409 1256 498 1295 Eur.
529 1256 610 1296 Ion.
644 1271 678 1296 v.
710 1259 785 1298 587
823 1271 899 1308 seq.

523 1366 611 1416 (ἐγὼ
643 1365 679 1403 δὲ
709 1366 777 1410 τὴν
807 1366 877 1412 μὲν
907 1366 1108 1415 συμφορὰν
1139 1364 1366 1415 ἀσπάζομαι

523 1438 675 1486 πατέρα
705 1441 742 1477 σ’
761 1439 934 1487 ἀνευρών·
965 1436 1010 1478 ὧν
1041 1438 1079 1477 δὲ
1108 1439 1308 1486 γιγνώσκω
1339 1437 1447 1485 πέρι

522 1512 713 1563 ἄκουσον.)

411 1619 602 1659 Dobraeus
645 1618 701 1657 vir
743 1619 926 1657 maximae
969 1617 1200 1656 auctoritatis
1244 1616 1386 1656 mavult
1420 1607 1499 1666 ἦ
1533 1618 1558 1657 i.
1584 1631 1615 1656 e.

356 1691 501 1740 πάτερ,
540 1691 641 1742 quod
669 1690 760 1729 mihi
791 1694 914 1728 tamen
948 1693 1159 1741 suspectum
1187 1693 1253 1728 est.
1312 1690 1482 1729 Certiora
1510 1703 1618 1741 quae-

356 1765 443 1804 dam
477 1764 665 1815 congessit
693 1763 981 1802 Valckenaerius
1014 1763 1054 1801 in
1090 1763 1258 1802 schedis.
1316 1763 1503 1803 Edebatur
1530 1778 1562 1803 e.
1585 1778 1616 1803 c.

356 1837 453 1890 apud
498 1835 747 1889 Hesychium:
792 1836 949 1881 Ἐνηῆς,
1004 1836 1180 1884 σώφρων,
1231 1836 1400 1883 ἀγαθὸς,
1451 1837 1615 1882 ἀληθὴς,

356 1911 597 1958 πατρῷος.
658 1911 779 1948 Acute
809 1908 1019 1949 Bentleius:
1050 1913 1220 1959 πρᾷος.

411 1984 597 2034 Perpetua
640 1986 696 2019 est
738 1982 778 2019 in
811 1982 916 2020 libris
954 1982 1121 2020 confusio
1156 1982 1348 2021 nominum
1378 1987 1550 2030 Προκλῆς
1582 1986 1619 2021 et

357 2058 582 2101 Πκτροκλῆς
615 2045 827 2104 (anzir).
873 2054 983 2106 Apud
1005 2053 1237 2092 Herodotum
1270 2067 1351 2092 v.c.
1382 2053 1616 2105 (Lib.VIII‚

360 2128 452 2176 1:30)
495 2131 674 2178 tyrannus
705 2126 926 2177 Epidaurius
965 2140 1154 2177 perperam
1199 2126 1285 2164 olim
1323 2125 1526 2177 appellatus
1564 2130 1620 2164 est

358 2198 546 2238 Patrocles
577 2199 652 2250 (Cf.
682 2198 841 2238 Pausan.
873 2198 935 2247 ΙΙ,
968 2200 1047 2249 28).

414 2270 607 2309 Similibus
650 2270 835 2309 erroribus
878 2284 1002 2309 ansam
1047 2269 1150 2308 dedit
1192 2269 1307 2308 forma
1350 2260 1458 2307 ME?
1481 2260 1618 2322 (Me—P)

357 2345 481 2390 μήτηρ
512 2356 597 2381 cum
627 2344 817 2382 derivatis.
1619 2356 1622 2359 ⁴

414 2420 593 2455 OTNOC
622 2434 670 2448 =
697 2416 846 2463 οὐρκνὸς
893 2417 975 2466 (nec
1019 2428 1093 2452 non
1140 2418 1335 2452 OTNIOC
1364 2433 1412 2447 =
1439 2413 1617 2464 οὐράνιος)

358 2490 487 2528 doctos
534 2489 695 2527 editores
742 2487 855 2539 probe
903 2488 1060 2538 decepit.
1132 2487 1364 2527 Praeclarum
1412 2487 1621 2539 exemplum
