1937 3075
911 282 959 319 81

306 409 467 460 λεύει-ας)
498 405 656 455 βαλέειν
692 408 754 447 ἐπὶ
795 407 937 456 πέτρας
977 408 1045 454 ἐμὲ
1085 409 1237 454 θέλησον
1281 409 1374 461 (ἤτοι
1408 425 1561 449 κατα-

307 481 588 533 κρημνίσαι)
623 484 695 521 etc.
751 479 927 532 Suspicor
967 480 1007 519 in
1050 480 1141 520 Ood.
1176 480 1214 530 Q,
1254 486 1444 521 exaratum
1484 496 1564 522 esse

307 555 466 604 βαλέειν
508 555 585 594 ἀπὸ
625 554 764 603 πέτρης
809 552 910 605 quod
952 556 1082 593 natum
1126 567 1171 593 ex
1214 553 1344 593 κατὰ
1383 553 1564 603 πέτρης

308 627 569 680 compendiose
597 626 750 679 scripto.
793 625 894 664 Nam
917 625 997 677 ipsa
1013 625 1167 664 Homeri
1191 625 1302 665 verba
1325 640 1347 665 a
1362 626 1569 666 Scholiasta

309 700 487 738 citantur.

362 771 593 811 Permutatio
635 771 728 810 ἀπὸ
774 774 811 810 et
849 772 902 809 ἐκ
942 783 1018 809 non
1058 769 1145 809 solis
1183 769 1315 809 scribis
1358 769 1422 808 sed
1464 782 1571 822 saepe

309 844 422 883 etiam
451 844 606 883 debetur
632 843 938 883 correctiunculis
967 856 1095 882 eorum
1123 842 1188 894 qui
1214 847 1375 882 veterem
1404 842 1570 894 linguam

309 917 356 956 ad
384 917 555 956 vitiosam
592 917 650 956 sui
694 916 873 969 temporis
911 916 1108 961 συνήθειαν
1146 916 1322 968 refingere
1359 914 1570 954 studebant.

311 988 502 1041 Imprimis
539 989 702 1028 notanda
740 992 797 1029 est
838 989 1008 1029 confusio
1045 989 1239 1028 verborum
1277 978 1504 1036 ἀποβαίνειν
1534 992 1572 1028 et

314 1060 506 1108 ἐκβαίνειν
536 1075 620 1101 cum
654 1061 845 1101 derivatis.

367 1132 462 1173 ἀπὸ
491 1133 677 1173 interdum
705 1148 893 1187 perperam
926 1134 1094 1187 legerunt
1122 1148 1188 1187 pro
1213 1133 1347 1183 παρα
1373 1134 1454 1174 vice
1468 1147 1571 1173 versa

313 1207 485 1257 quoniam
514 1207 555 1244 in
583 1208 774 1245 nonnullis
802 1207 907 1245 libris
936 1207 1029 1244 ἀπὸ
1058 1220 1123 1258 per
1153 1207 1413 1258 compendium
1443 1205 1572 1244 scribi-

313 1302 394 1336 tur:
425 1280 473 1345 Z,
503 1297 652 1346 παραι
684 1282 725 1338 75³:
770 1297 953 1346 Pessime,
982 1312 1068 1336 nam
1098 1298 1135 1336 in
1166 1298 1425 1350 compendiosa
1456 1298 1572 1349 scrip-

315 1373 400 1408 tura
427 1369 556 1407 literae
585 1368 855 1421 suprascriptae
883 1382 1025 1421 semper
1052 1369 1128 1408 fere
1159 1368 1456 1421 pronuntiandae
1484 1372 1572 1408 sunt

306 1455 396 1499 post
417 1464 477 1488 eas
502 1463 595 1500 quae
624 1450 766 1500 positae
794 1454 881 1488 sunt
904 1450 942 1487 in
967 1451 1046 1502 ipsa
1073 1450 1190 1498 linea,
1215 1464 1251 1490 v.
1271 1464 1303 1489 c.
1332 1437 1417 1489 g:
1432 1450 1552 1497 ὄνομα
1561 1480 1572 1498 ,

317 1525 556 1587 νενόμος,
602 1538 792 1586 νόμισμα,
837 1539 973 1587 νόημα.
1043 1540 1201 1580 Prorsus
1248 1541 1345 1580 idem
1389 1541 1488 1580 valet
1529 1541 1575 1580 de

317 1614 408 1670 ist:
424 1630 485 1670 ἐπὶ
530 1635 567 1670 et
611 1614 640 1670 π
657 1648 707 1664 =
724 1628 820 1679 περί.
890 1628 1074 1669 Palmaria
1117 1633 1173 1669 est
1215 1630 1422 1670 emendatio
1466 1629 1576 1683 Pluy-

317 1706 428 1758 gersii
459 1719 493 1744 v.
511 1719 543 1744 c.
583 1704 623 1743 in
657 1703 831 1755 Xenoph.
864 1703 1069 1743 Memorab.
1098 1703 1158 1752 II,
1192 1706 1234 1751 l,
1265 1706 1314 1742 22
1354 1704 1396 1742 in
1432 1704 1576 1743 somnio

317 1777 510 1817 Herculis:
536 1777 603 1821 τὴν
622 1776 771 1816 Κακίαν
791 1778 1121 1816 κατασκοπεῖσθαι
1146 1776 1253 1824 θαμὰ
1272 1778 1411 1822 ἑαυτὴν
1420 1806 1431 1823 ,
1456 1792 1576 1825 περι-

319 1856 473 1891 σκοπεῖν
512 1851 549 1890 δὲ
583 1851 647 1890 καὶ
689 1850 816 1903 (vulgo
857 1851 1104 1903 ἐπισκοπεῖν)
1137 1850 1171 1890 εἴ
1209 1865 1266 1895 τις
1306 1850 1425 1895 ἄλλος
1456 1850 1576 1895 αὐτὴν

319 1925 467 1963 θεᾶται.

372 1996 449 2036 Vix
490 1995 775 2050 distinguuntur
818 1997 892 2037 duo
934 1997 1152 2051 compendia
1192 1997 1329 2051 quibus
1370 1996 1499 2038 κατὰ
1540 2001 1580 2038 et

320 2069 452 2117 μετὰ
482 2069 666 2120 designari
695 2069 827 2109 solent.

376 2141 500 2181 Schol.
529 2141 569 2181 in
597 2141 734 2194 Odyss.
751 2146 776 2182 Ξ
808 2143 885 2182 513
908 2142 1113 2190 ἐπημοιβοί
1140 2143 1202 2194 τε]
1228 2142 1305 2188 ἤτοι
1325 2141 1371 2185 ἃς
1401 2141 1577 2191 ἀμείψα-

322 2214 410 2254 σθαί
440 2229 498 2258 τις
529 2214 688 2253 δύναται
724 2213 744 2259 ἢ
783 2215 1134 2263 καταλαμβάνειν
1174 2215 1302 2255 εἴποτε
1342 2216 1488 2264 χειμὼν
1520 2215 1576 2261 εἴη

323 2303 358 2327 κ.
379 2297 471 2327 aaa.
530 2288 645 2327 Recte
681 2301 780 2327 unus
818 2287 925 2328 Cod.·
952 2288 1157 2328 Vindebon.
1194 2289 1305 2329 habet
1346 2298 1579 2338 μεταλαμ-

322 2360 470 2409 βαίνειν.

377 2432 424 2472 In
466 2432 727 2471 Demosthenis
768 2432 872 2473 Orat.
911 2433 1001 2482 πρὸς
1051 2432 1263 2474 Φαίνιππον
1302 2436 1385 2484 περὶ
1432 2434 1579 2475 ἀντιδό-

324 2520 415 2548 σεως
451 2507 471 2557 ᾧ
503 2507 526 2544 3
555 2519 620 2557 pro
660 2505 874 2552 ἀναγκαῖόν
914 2507 1015 2545 ἐστιν
1054 2509 1107 2551 εἷς
1145 2509 1212 2552 τὴν
1252 2510 1345 2554 ἐμὴν
1379 2511 1580 2558 πειρᾶσθαι

1403 2584 1418 2608 a
