1937 3075
983 275 1008 311 4

355 401 448 442 bant
475 414 780 455 unumquemque
808 406 845 441 et
877 415 1177 454 unamquamque
1189 418 1200 450 ;
1236 402 1497 443 historicorum
1530 417 1623 455 quo-

357 487 431 525 que
468 487 579 526 opera
616 473 725 513 multi
762 474 907 512 curiose
945 473 1187 513 evolvebant:
1226 474 1381 513 minime
1418 478 1541 514 tamen
1578 470 1621 514 ut

355 546 533 587 haberent
561 561 656 598 quae
686 546 726 586 in
753 546 913 599 singulis
946 545 1098 598 syllabis
1132 546 1321 587 voculisve
1358 547 1465 588 avide
1500 561 1619 600 repre-

350 619 554 659 henderent
581 619 647 659 sed
674 623 717 659 ut
742 619 924 659 discerent
948 619 1049 671 quod
1071 619 1223 673 prodest
1245 619 1287 659 in
1306 619 1436 661 vitam.
1474 620 1619 671 Quodsi

350 692 622 744 philosophiam
666 695 809 744 spectes
852 696 994 742 quanto
1040 693 1209 731 omnium
1256 693 1384 741 ardore
1429 692 1618 732 excoleba-

351 764 434 804 tur!
478 778 589 817 quam
629 763 769 805 urbane
805 764 1033 816 iuvenesque
1076 778 1256 817 senesque
1296 763 1537 818 disputabant
1577 765 1615 805 in

353 841 551 888 utramque
592 838 756 888 partem!
827 837 983 875 Nemini
1025 837 1239 888 politiorum
1284 840 1382 875 certe
1423 837 1615 876 hominum

349 922 425 948 non
452 909 493 948 in
521 923 583 948 ore
611 912 689 948 erat
718 907 867 962 sapiens
895 908 960 948 ille
989 908 1180 957 Socrates,
1209 907 1359 948 divinus
1393 907 1457 948 ille
1484 908 1615 957 Plato,

350 993 459 1031 quem
492 980 525 1019 si
564 995 639 1020 non
675 994 802 1019 omnes
841 980 980 1020 Graece
1018 980 1183 1032 legerent
1219 980 1266 1019 ad
1301 980 1510 1033 exemplum
1539 994 1615 1021 ma-

348 1052 459 1103 gistri
482 1055 606 1091 tamen
631 1053 869 1092 vehementer
891 1052 1182 1091 admirabantur.
1209 1075 1261 1082 -—
1281 1053 1482 1092 Praeteriit
1504 1067 1615 1092 aurea

347 1127 461 1164 aetas.
516 1124 617 1163 Proh
652 1124 770 1164 dolor!
808 1138 881 1176 quo
919 1138 1019 1164 nunc
1055 1128 1274 1176 perventum
1311 1129 1365 1164 est
1394 1125 1612 1165 dementiae.

347 1196 461 1236 Nunc
502 1197 629 1235 omnia
671 1196 774 1236 olent
817 1196 1043 1236 malesanam
1084 1196 1267 1236 criticam.
1324 1196 1404 1236 Iam
1449 1197 1488 1236 in
1533 1197 1612 1250 ipsa

346 1268 479 1308 umbra
500 1268 675 1308 ludorum
699 1271 961 1321 saepenumero
995 1268 1078 1317 uvir
1101 1268 1362 1309 doctissimus”
1387 1269 1450 1309 vix
1475 1269 1611 1309 medio-

348 1341 461 1380 criter
489 1341 626 1380 doctus
656 1341 821 1380 infelices
849 1354 937 1380 suas
967 1341 1149 1393 expromit
1176 1342 1507 1391 correctiunculas3
1535 1343 1609 1382 iam

348 1413 414 1463 qui
448 1413 680 1452 iuventutem
717 1414 764 1453 ad
800 1427 946 1452 summa
983 1427 1152 1464 quaeque
1189 1414 1396 1453 instituunt
1431 1428 1503 1454 non
1539 1415 1610 1454 hoc

347 1483 530 1536 imprimis
559 1487 676 1536 agunt
705 1488 747 1523 ut
777 1484 1043 1537 discipulorum
1081 1484 1215 1524 animis
1249 1485 1401 1538 penitus
1429 1485 1610 1526 inhaeres-

347 1561 434 1595 cant
457 1558 620 1608 perfecta
639 1558 702 1594 illa
723 1558 869 1595 dicendi
894 1557 1153 1606 scribendique
1175 1558 1342 1608 exempla
1360 1572 1455 1607 quae
1477 1572 1611 1610 magna

348 1628 453 1681 copia
479 1623 522 1669 'in
550 1632 708 1681 utraque
741 1628 871 1682 lingua
907 1632 1053 1669 exstant
1081 1653 1134 1659 —
1161 1628 1239 1668 noli
1274 1633 1483 1682 exspectare
1511 1630 1611 1682 quod

347 1701 459 1739 meris
495 1700 636 1739 criticis
671 1700 871 1752 indignum
912 1704 969 1738 est
996 1723 1049 1730 —-
1076 1700 1294 1752 longissime
1332 1701 1476 1740 diversa
1511 1703 1609 1741 enim

348 1777 406 1813 est
446 1773 541 1814 ratio
585 1773 796 1814 studiorum
840 1779 950 1825 quam
993 1779 1032 1813 et
1073 1773 1156 1813 aliis
1195 1774 1428 1827 praecipiunt
1462 1779 1499 1815 et
1538 1775 1610 1828 ipsi

349 1849 570 1896 sequuntur.
613 1845 689 1894 Qui
717 1845 810 1884 miro
838 1845 970 1884 iudicii
998 1859 1118 1884 errore
1146 1845 1186 1884 in
1213 1845 1416 1886 laetissima
1444 1848 1609 1887 omnium

350 1917 613 1969 elegantiarum
655 1922 777 1970 segete
819 1917 999 1969 neglectis
1042 1917 1253 1957 melioribus
1293 1919 1421 1958 inanes
1462 1923 1609 1959 tantum

351 1989 472 2042 spicas
501 1989 703 2043 colligunt,
744 1989 916 2029 videlicet
955 1992 997 2029 ut
1028 1989 1278 2042 singularibus
1305 1990 1451 2030 coronis
1479 1996 1610 2032 ornent

350 2061 475 2113 lepida
502 2075 570 2101 sua
599 2062 742 2114 capita!
786 2061 958 2101 Laudent
984 2062 1050 2100 alii
1079 2062 1178 2113 quod
1207 2076 1338 2102 sanum
1367 2067 1423 2102 est
1449 2068 1488 2103 et
1515 2064 1609 2104 inte-

351 2148 462 2186 grum
505 2138 543 2174 et
584 2134 758 2174 omnibus
796 2134 961 2174 numeris
998 2133 1207 2174 absolutum
1217 2152 1229 2184 ς
1271 2135 1428 2176 istorum
1464 2137 1610 2176 animus

352 2205 519 2258 pascitur
538 2206 684 2246 mendis
712 2209 750 2246 et
778 2206 1008 2258 corruptelis.
1053 2205 1155 2255 Quid
1181 2206 1330 2246 tradant
1356 2210 1498 2247 veteres
1525 2222 1609 2248 auc—

352 2284 452 2319 tores
480 2293 611 2332 parum
639 2280 751 2320 refert
761 2297 772 2328 3
802 2279 929 2319 callere
956 2279 1149 2319 historiam
1175 2294 1252 2319 non
1280 2280 1476 2320 admodum
1506 2281 1609 2321 vide-

351 2355 414 2391 tur
441 2351 709 2391 necessarium:
740 2355 882 2403 quanto
911 2351 1049 2391 maiore
1076 2365 1163 2391 cura
1189 2353 1333 2392 scilicet
1359 2353 1494 2406 dignae
1522 2358 1609 2394 sunt
1641 2358 1644 2361 ⁴

351 2424 643 2477 magistellorum
682 2423 865 2475 ineptiae,
909 2428 1152 2464 correctorum
1190 2426 1340 2475 levitas,
1374 2426 1608 2467 librariorum

352 2496 531 2537 socordia.
575 2495 726 2546 Quidve
753 2495 865 2535 simul
889 2499 928 2536 et
955 2495 1155 2537 iucundius
1183 2501 1239 2537 est
1266 2501 1305 2538 et
1326 2497 1471 2556 facilius
1496 2513 1609 2551 quam
