1937 3075
964 242 1013 278 64

351 373 432 408 tum
461 369 502 408 in
531 369 656 408 Schol.
689 369 783 408 Ven.
814 370 861 409 ad
890 370 938 409 ΙΙ.
968 370 1020 418 β,
1052 371 1129 408 278
1170 369 1233 408 ubi
1269 381 1377 407 nemo
1403 368 1474 406 hoc
1502 380 1614 419 agens

350 454 423 480 non
453 441 591 494 legeret
618 441 693 480 οένὰ
724 441 756 480 δ’
775 440 880 488 ἔστη.

405 514 700 565 Nonnumquam
744 515 856 553 etiam
898 528 983 566 pars
1026 513 1193 566 superior
1227 527 1293 565 pro
1333 526 1430 551 nexu
1466 512 1612 559 habita3

350 585 466 625 altera
493 599 561 639 pro
591 601 620 627 0.
679 586 784 636 Quae
823 600 933 627 aurea
973 590 1028 626 est
1064 585 1270 626 observatio
1312 585 1360 625 G.
1391 584 1529 625 Koenii
1566 584 1613 624 ad

351 659 464 711 Greg.
496 660 580 698 Cor.
610 674 646 711 p.
677 662 764 700 120.
822 660 934 711 Apud
964 659 1197 710 Hesychium
1227 673 1258 697 e.
1275 673 1307 698 c.
1337 658 1491 697 εὐοιάιον
1521 658 1612 710 legi-

352 735 412 770 tur
443 745 511 784 pro
542 732 701 771 εὐδιάιον
733 733 832 784 quod
871 731 998 785 paullo
1031 744 1141 784 supra
1170 730 1295 771 habet.
1353 731 1495 771 Passim
1526 745 1612 771 con-

350 804 434 843 fusa
461 808 548 843 sunt
576 805 759 843 adiectiva
788 805 928 846 δίκαιος
964 807 1002 842 et
1030 805 1160 845 οἰκεῖος
1204 804 1304 854 quod
1340 818 1457 856 nuper
1484 804 1612 855 exqui-

351 878 423 916 sito
461 877 630 930 exemplo
674 877 910 917 confirmavit
952 876 1165 916 Badhamus
1201 876 1241 915 in
1282 876 1400 917 Thuc.
1440 877 1522 927 ΙΙΙ,
1561 879 1611 916 68

349 950 471 987 locum
503 954 720 1000 corruptum
750 950 804 987 ita
833 950 1086 988 constituens:
1118 949 1181 986 καὶ
1217 947 1282 986 ὅτι
1316 948 1467 997 ὕστερον
1488 972 1540 979 -—·
1559 972 1612 979 —

352 1022 441 1060 κατ’
460 1021 622 1065 ἐκείνας
662 1023 727 1061 οὐκ
760 1021 935 1069 ἐδέξαντο
957 1046 1080 1052 --
1107 1027 1154 1070 τῇ
1190 1023 1333 1061 ἑαυτῶν
1368 1022 1485 1072 οἰκεία
1521 1022 1611 1070 βαυ-

348 1094 470 1138 λήσει.
516 1094 695 1133 Eiusdem
725 1095 916 1146 scriptoris
945 1095 1072 1133 eadem
1099 1095 1284 1134 medicina
1312 1096 1437 1133 locum
1467 1095 1613 1133 sanavit

348 1166 512 1206 Cobetus
542 1168 572 1218 1)
615 1167 721 1219 plura
762 1181 806 1206 ex
848 1168 918 1206 hoc
960 1181 1091 1219 genere
1130 1168 1221 1207 alias
1256 1182 1294 1207 se
1323 1168 1494 1207 daturum
1536 1167 1613 1220 pol-

347 1239 494 1278 licitus:
538 1239 638 1290 (Lib.
668 1239 739 1287 IV,
773 1241 838 1291 15)
868 1262 922 1269 —
950 1239 1072 1286 ἔδοξεν
1104 1241 1232 1284 αὐτοῖς
1263 1241 1308 1283 ὥς
1338 1240 1400 1279 ἐπὶ
1431 1240 1611 1290 ξυμφορᾷ

349 1311 510 1362 μεγάλῃ
552 1312 603 1351 τὰ
642 1312 735 1358 τέλη
777 1311 1036 1359 καταβάντας
1081 1314 1117 1356 ἐς
1155 1315 1196 1352 τὸ
1230 1313 1484 1362 στρατόπεδον
1522 1314 1612 1361 βου-

349 1384 474 1424 λεύειν
518 1390 766 1433 παραχρῆμα
806 1385 1022 1434 δρῶντας
1066 1384 1143 1429 δ’,τι
1181 1385 1226 1425 ἂν
1265 1386 1364 1436 δοκῇ.
1425 1387 1492 1426 Est
1528 1401 1614 1426 sane

350 1458 491 1510 aliquid
534 1458 633 1498 inter
675 1459 762 1507 δρᾶν
807 1463 843 1498 et
882 1458 968 1507 ὁρᾶν
1003 1473 1227 1511 quamquam
1257 1473 1330 1498 non
1361 1460 1534 1499 omnibus
1562 1460 1616 1499 ita

350 1531 471 1569 visum
500 1534 555 1570 est
580 1532 625 1582 ²).

407 1604 463 1643 De
499 1620 518 1649 η
556 1608 594 1644 et
631 1618 654 1642 κ
694 1604 856 1643 invicem
899 1605 1120 1656 permutatis
1155 1605 1232 1644 dixi
1272 1605 1362 1657 Cap.
1396 1605 1473 1644 III.
1531 1605 1615 1644 Hoc

350 1680 497 1716 tantum
527 1677 659 1716 addam
690 1677 729 1716 in
758 1677 969 1716 minuscula
1006 1677 1186 1729 scriptura
1219 1676 1402 1730 imprimis
1431 1677 1615 1717 cavendos

351 1765 430 1789 esse
465 1764 602 1789 errores
635 1751 674 1789 iu
693 1737 971 1789 'coniunctione
997 1750 1189 1789 literarum
1225 1766 1290 1798 κυ,
1320 1766 1375 1800 ην,
1408 1753 1529 1803 vv(=
1546 1752 1614 1803 βυ)

351 1828 421 1863 etc.
479 1823 564 1873 Qua
593 1823 637 1863 de
666 1837 704 1862 re
733 1837 865 1876 operae
896 1824 1056 1875 pretium
1085 1829 1141 1863 est
1168 1824 1342 1864 adhibere
1371 1825 1525 1865 eximias
1553 1824 1616 1864 ob-

352 1897 578 1937 servationes
599 1897 757 1937 Porsoni
794 1897 841 1936 ad
876 1897 990 1937 Hom.
1020 1897 1092 1937 Od.
1124 1903 1149 1938 Ξ
1179 1912 1214 1938 v.
1246 1900 1346 1948 206,
1376 1897 1440 1938 ubi
1467 1897 1617 1937 Scholia

352 1972 443 2011 dant
471 1971 610 2011 variam
638 1971 834 2011 lectionem
868 1971 1108 2019 ἠνδαλίμοισι
1138 1985 1204 2024 pro
1234 1972 1500 2020 κυδαλίμοιο-ι.

407 2044 534 2085 Litera
562 2060 572 2084 ι
607 2044 648 2084 in
678 2044 791 2085 variis
829 2044 934 2085 libris
967 2044 1231 2085 diversissimis
1265 2045 1384 2086 modis
1410 2045 1616 2087 indicatur:

353 2118 602 2172 adscribitur„
618 2117 874 2165 subscribitur,
906 2118 1205 2170 suprascribitur‚
1235 2132 1344 2171 saepe
1373 2119 1485 2158 etiam
1509 2120 1619 2172 plane

400 2260 423 2302 ¹)
461 2258 512 2292 cf.
536 2258 632 2292 Obss.
650 2258 685 2291 in
707 2257 868 2302 Hyperid.
892 2258 983 2292 Orat.
1005 2258 1130 2294 funebr.
1155 2261 1240 2303 p.51
1255 2270 1321 2303 seq.
1342 2260 1398 2294 ubi
1421 2272 1492 2296 v.c.
1515 2261 1619 2296 multa

353 2310 503 2356 exempla
526 2309 652 2345 addidit
674 2322 715 2344 ex
738 2310 873 2344 Schedia
894 2310 1195 2346 Valckenaerianis.

399 2366 425 2409 ²)
461 2363 567 2399 Miror
577 2363 790 2408 Apollonium
802 2363 981 2408 Dyscolum
998 2365 1242 2409 sagacissimum
1255 2367 1502 2409 grammaticum
1521 2368 1619 2413 scrip-

354 2421 451 2454 sisse:
488 2421 528 2454 τὶ
557 2419 634 2463 δρῶ
661 2421 815 2462 σημαίνει
843 2424 902 2455 καὶ
929 2421 968 2455 τὸ
1004 2421 1077 2463 ὁρῶ
1112 2420 1177 2465 ἀφ’
1205 2419 1242 2456 οὗ
1268 2424 1325 2457 καὶ
1363 2424 1401 2457 *rb
1437 2421 1620 2469 δρωποίζειν

356 2482 414 2515 καὶ
443 2481 481 2515 τὶ
509 2479 681 2524 δραπέτης
708 2479 722 2514 ὁ
750 2478 960 2523 ἐπιβλέπων.
991 2478 1216 2528 (περῖἘπιρρ.
1246 2481 1351 2518 Bekk.
1371 2483 1432 2518 An.
1454 2484 1528 2525 549,
1553 2484 1619 2527 22).
