1937 3075
1011 227 1061 263 54

409 359 451 395 ut
492 369 590 395 unus
625 356 687 395 vel
728 355 851 408 plures
888 356 1025 409 integri
1063 369 1192 396 versus
1232 356 1457 404 exciderint‚·
1499 370 1586 397 nam
1625 363 1670 398 ut

404 442 504 469 nunc
530 428 634 469 loeus
663 442 742 470 sese
766 429 878 470 habet
901 429 1218 470 evidentissimam
1246 426 1540 470 emendationem
1563 431 1667 472 salvo

404 505 522 542 metro
550 503 725 555 perficere
754 503 890 542 frustra
919 503 1026 543 sudo.
1082 503 1224 542 Verum
1261 503 1415 543 fortasse
1443 504 1667 544 monstrabit

403 575 545 616 felicior
572 575 675 616 hora.

460 655 493 688 H
523 653 562 688 et
589 655 624 688 Π
649 649 876 701 permutatio
912 649 951 687 in
980 648 1153 688 omnibus
1181 649 1286 689 libris
1307 649 1464 690 subinde
1492 651 1666 692 occurrit.

403 722 554 763 Primus
579 723 651 762 hoc
675 721 900 775 corruptelae
928 735 1044 774 genus
1066 722 1254 776 perspexit
1284 723 1540 764 celeberrimus
1570 724 1667 765 Pau·

400 797 458 837 lus
485 796 699 849 Leopardus
729 800 767 836 et
794 796 902 848 plura
935 796 1103 848 exempla
1131 797 1258 836 sedulo
1287 798 1535 850 comportavit
1560 799 1666 837 Valc-

400 869 596 910 kenaerius
624 869 664 910 in
692 868 866 910 Schedis:
896 868 970 918 ἠέρι
995 883 1026 910 e.
1043 883 1074 909 c.
1099 882 1165 923 pro
1188 869 1271 920 περὶ
1305 870 1436 922 (Dorv.
1460 871 1499 910 in
1523 870 1665 912 Charit.

399 957 437 995 p.
469 944 563 994 171)
593 942 774 991 Πρόδοτον
802 956 870 994 pro
899 942 1092 990 Ἡρόδοτον
1123 943 1222 994 apud
1251 942 1457 982 Maximum
1487 943 1665 995 Tyrium,

399 1015 551 1064 ἠιθόμην
591 1030 659 1069 pro
699 1015 879 1069 mao'ssanvj,
925 1017 1067 1065 ἠροποῖν
1109 1013 1211 1065 ἦμαρ
1262 1030 1329 1069 pro
1370 1015 1521 1065 πρόπαν
1562 1013 1663 1066 ἦμαρ

396 1089 496 1142 apud
523 1089 778 1142 Hesychium,
813 1092 885 1130 etc.
941 1089 1108 1130 Omnino
1148 1103 1278 1142 operae
1316 1089 1478 1142 pretium
1517 1093 1572 1129 est
1609 1090 1665 1129 in-

397 1162 538 1216 spicere
562 1163 746 1204 Mnemos.
767 1163 849 1213 IX,
873 1178 910 1216 p.
931 1165 1009 1203 308
1033 1177 1137 1216 seqq.
1166 1163 1233 1204 ubi
1248 1163 1407 1203 'videbis
1431 1164 1471 1203 in
1495 1163 1665 1217 Epistola

397 1237 444 1276 ad
463 1236 653 1276 Hebraeos
676 1237 754 1285 XI,
785 1239 809 1275 4
836 1251 911 1275 non
935 1237 1132 1289 legendum
1161 1251 1240 1276 esse
1269 1237 1397 1275 πίστει
1418 1240 1661 1284 ΠΛΕΙΟΝΑ

398 1309 529 1349 θυσίαν
541 1309 675 1357 ’Ἅβελ
695 1309 802 1359 παρὰ
822 1310 916 1349 Κοέϊν
934 1310 1167 1363 προσήνεγκε
1187 1310 1238 1359 τῷ
1260 1310 1325 1358 θεῷ
1343 1309 1404 1348 sed
1422 1313 1662 1357 ΗΔΕΙΟΝΑ

398 1384 424 1422 i.
441 1397 473 1422 e.
504 1383 686 1427 ἡδίονα.

452 1459 486 1493 H
517 1458 554 1494 et
581 1459 637 1493 TI
667 1454 706 1494 in
739 1458 895 1506 utraque
930 1454 1113 1506 scriptura
1150 1454 1448 1503 confunduntur,
1486 1453 1664 1494 facillime

397 1531 523 1567 autem
565 1529 604 1566 in
648 1527 868 1566 minuscula.
931 1527 1083 1565 Detexit
1130 1526 1229 1565 hunc
1272 1540 1430 1565 errorem
1473 1526 1664 1565 Porsonus

398 1600 591 1654 (Adverss,
622 1616 659 1654 p.
692 1602 758 1653 95)
789 1602 828 1640 in
855 1600 1084 1653 lepidissimo
1123 1600 1330 1652 fragmento
1358 1600 1533 1639 Hermiae
1563 1600 1663 1651 quod

397 1678 555 1713 aetatem
583 1673 671 1713 tulit
699 1673 800 1725 apud
829 1672 966 1712 Athen.
998 1672 1123 1722 XIII,
1151 1686 1190 1724 p.
1221 1673 1298 1710 563
1328 1685 1367 1711 e:
1639 1668 1643 1672 ’

621 1780 808 1819 ἀκούσατ’
829 1779 853 1819 ὦ
886 1781 1066 1823 Στώακες
1097 1779 1247 1829 ἔμποροι
1279 1781 1390 1829 λήρου

619 1854 744 1902 λόγων
776 1855 1015 1903 ὑποκριτῆρες
1046 1855 1077 1893 οἱ
1108 1853 1210 1901 μόνοι
1241 1853 1373 1893 πάντα

621 1927 693 1965 τοέν
723 1932 800 1970 τοῖς
832 1926 962 1973 πίναξι
995 1925 1139 1975 πρίνη
1171 1926 1222 1974 τῷ
1255 1926 1359 1976 σοφῷ
1393 1926 1516 1966 δοῦναι

625 2001 732 2040 αὐτοὶ
764 2003 1046 2050 καταρροφεῖτε
1076 2015 1111 2039 κ.
1132 2015 1168 2039 τ.
1190 2009 1229 2039 λ.

457 2106 724 2159 Corrigendum
754 2105 867 2154 πρίν
896 2120 954 2144 τι.

458 2180 504 2219 In
528 2179 731 2232 Hyperidis
755 2179 924 2218 oratione
948 2178 1051 2217 κατὰ
1074 2178 1333 2225 Δημοσθένους
1365 2179 1453 2230 §20
1486 2178 1665 2230 scriptum

405 2256 502 2293 erat:
532 2255 708 2291 τοσοῦτον
739 2252 770 2291 δ’
792 2249 816 2290 ὦ
847 2251 975 2300 ἄνδρες
1006 2251 1208 2298 δικασταὶ,
1238 2253 1303 2290 τοῦ
1334 2250 1567 2301 πράγματος
1594 2266 1663 2291 κα-

403 2326 764 2374 ταπεφρόντικε.
824 2325 1045 2364 Rectissime
1087 2325 1179 2364 Cob.
1221 2325 1320 2364 Nov.
1366 2325 1472 2364 Lect.
1514 2339 1549 2377 p.
1588 2326 1663 2364 745

405 2398 797 2449 καταπεφρόνηκε.
857 2398 960 2438 Idem
995 2398 1187 2451 Arist-oph.
1220 2400 1291 2439 Av.
1323 2413 1357 2438 v.
1389 2399 1460 2438 23:
1500 2397 1548 2437 τί
1583 2398 1614 2437 δ’
1643 2399 1663 2444 ἦ

403 2476 537 2523 κορώνη
560 2475 626 2525 (τι)
656 2478 724 2516 τῆς
755 2473 836 2510 ὁδοῦ
867 2472 974 2519 λέγει
1006 2472 1108 2521 πέρις
1140 2471 1422 2524 interpolatione
1451 2471 1583 2511 deleta.
