1937 3075
978 235 1029 273 32

371 359 534 408 πάρεστι
575 364 613 400 et
651 360 823 409 παρέστη
868 362 1142 414 ineptissimum
1183 363 1223 402 in
1265 363 1415 403 modum
1456 364 1555 403 inter
1596 378 1635 403 se

373 432 565 474 confundi.

425 505 532 545 Idem
554 521 703 559 prorsus
727 508 827 547 valet
852 509 898 547 de
917 509 1177 561 antiquissima
1200 510 1473 562 permutatione
1495 525 1524 549 ει
1551 514 1588 548 et
1609 525 1634 549 ι.

370 578 488 619 Cuius
526 579 580 619 rei
618 580 666 620 ad
704 580 961 621 testimonium
999 594 1129 622 vocare
1164 596 1310 635 possem
1345 581 1482 622 multos
1514 596 1634 635 gram·

372 652 530 691 maticos
564 656 601 691 et
629 652 932 704 lexicographOS,
964 653 1143 692 Photium
1170 655 1354 706 imprimis
1383 658 1420 693 et
1453 654 1634 706 Hesychii

371 725 411 764 in
439 725 506 765 EI.
563 725 635 765 Sed
665 725 728 764 vix
765 739 858 777 opus
887 729 945 765 est
955 741 966 773 3
1005 726 1145 766 dudum
1181 727 1282 766 enim
1310 727 1356 767 de
1384 727 1456 767 hoc
1485 741 1633 780 corrup-

370 797 463 836 telae
490 810 622 850 genere
652 801 797 836 constat
825 797 922 836 inter
955 811 1092 838 omnes.
1150 798 1387 852 Quamquam
1426 799 1528 839 haud
1552 813 1633 840 raro

369 870 468 921 apud
511 869 641 909 doctos
683 869 841 909 editores
884 874 929 908 ut
971 870 1058 909 olim
1102 872 1157 910 sic
1199 886 1299 911 nunc
1336 872 1352 909 ὁ
1390 876 1470 916 νοῦς
1505 873 1631 921 παρὼν

368 942 566 990 ἀποδημεῖ
604 942 658 982 ita
699 946 742 982 ut
784 941 963 995 pessimas
1009 956 1175 997 quasque
1218 944 1355 984 formas
1398 944 1486 985 inde
1527 948 1632 985 natas

342 1018 344 1021 “
369 1020 498 1054 contra
525 1019 667 1055 certum
695 1016 871 1066 loquendi
902 1030 1013 1055 usum
1041 1021 1079 1055 et
1116 1017 1325 1069 analogiam
1364 1019 1543 1057 tenaciter
1571 1019 1632 1057 de-

368 1087 533 1127 fendant.
590 1087 686 1136 Quis
713 1087 854 1136 nescit,
889 1091 933 1126 ut
961 1087 1031 1126 hoc
1060 1092 1162 1136 utar,
1199 1102 1243 1127 ex
1273 1089 1516 1128 substantivis
1543 1103 1631 1128 neu-

367 1160 461 1198 trius
499 1159 645 1212 generis
681 1160 721 1198 in
759 1175 796 1203 ος
834 1173 979 1198 summa
1018 1161 1228 1199 constantia
1265 1161 1422 1200 derivari
1450 1161 1631 1200 adiectiva

368 1232 408 1272 in
448 1233 488 1276 ἦς
530 1236 573 1272 ut
617 1231 749 1279 γένος,
795 1232 990 1279 εὐ-γενὴς,
1037 1231 1170 1279 μένος,
1216 1233 1443 1280 δυσ-μενὴς,
1490 1233 1629 1281 πάθος,

368 1305 540 1349 ἆ-παθὴς
566 1305 662 1344 etc.P
689 1309 852 1344 attamen
881 1308 969 1343 sunt
999 1305 1064 1355 qui
1094 1305 1385 1344 membranarum
1410 1306 1630 1345 auctoritate

368 1378 456 1418 freti
484 1392 506 1418 a
535 1382 652 1422 νεῖκος
683 1378 839 1418 formam
868 1376 1080 1428 φιλόνεικος
1112 1378 1260 1418 ductam
1289 1392 1368 1418 esse
1393 1378 1629 1419 contendant.

370 1451 486 1499 ''Cras
513 1450 700 1490 credam'’.
759 1451 868 1489 Dicat
901 1451 1055 1501 aliquis:
1092 1451 1183 1502 quid
1213 1451 1354 1502 igitur?
1382 1466 1472 1491 num
1501 1452 1631 1491 invitis

368 1524 495 1575 poetis>
518 1523 737 1563 mutandum
762 1523 1011 1572 φιλονεικήςέ
1054 1523 1212 1562 Minime
1236 1524 1420 1575 gentium.
1458 1524 1631 1576 Namque

369 1597 489 1635 multo
525 1596 596 1636 erit
633 1600 669 1635 et
707 1596 855 1635 facilius
892 1599 929 1634 et
966 1595 1096 1634 melius
1134 1595 1271 1646 ubique
1310 1609 1479 1635 revocare
1516 1595 1631 1644 φιλό-

369 1667 514 1715 νίκος,
542 1667 791 1718 φιλονικίαι,
819 1670 1064 1717 Φιλονικεῖν
1085 1669 1115 1719 ¹)
1141 1681 1235 1719 quae
1259 1667 1383 1708 omnia
1408 1672 1495 1708 sunt
1519 1669 1631 1709 verba

369 1743 603 1793 incorruptae
631 1740 867 1780 Graecitatis.

422 1814 618 1855 Caeterum
661 1814 790 1854 doctos
833 1816 871 1853 et
912 1812 1082 1854 indoctos
1124 1812 1202 1852 sine
1244 1812 1461 1865 exceptione
1502 1824 1631 1853 omnes

367 1889 407 1926 in
449 1901 607 1926 errorem
648 1886 799 1925 induxit
840 1886 1045 1924 scribarum
1079 1884 1301 1931 Ἀκαδημία
1345 1885 1444 1924 unde
1489 1885 1631 1924 factum

368 1964 412 2000 ut
453 1959 565 2000 hodie
614 1959 841 2000 academiam
889 1958 1057 1998 dicamus
1102 1971 1195 2009 quae
1241 1957 1341 2010 apud
1390 1956 1552 1998 Graecos
1593 1962 1631 1997 et

367 2033 555 2072 Romanos
596 2045 737 2085 semper
779 2031 965 2085 appellata
1001 2035 1078 2070 erat
1109 2030 1373 2078 Ἀκαδήμεια,
1415 2030 1628 2070 Academia.

369 2106 405 2157 (e
423 2105 552 2145 multis
572 2105 665 2145 locis
684 2105 771 2145 vide
787 2105 980 2157 Aristoph.
1004 2102 1135 2143 Nubb.
1162 2104 1266 2143 1002
1277 2133 1289 2153 ,
1310 2102 1455 2155 Cic.⁴de
1474 2103 1566 2144 Div.
1588 2104 1629 2154 1,

367 2176 459 2231 Cap.
490 2177 571 2230 13).

424 2249 511 2289 Alia
555 2249 719 2302 exempla
767 2250 798 2287 si
847 2249 931 2300 quis
980 2249 1126 2300 quaerit
1173 2251 1317 2300 praeter
1360 2248 1450 2287 haec
1499 2262 1629 2300 operae

1254 2343 1275 2351 vx

414 2473 438 2515 ¹)
472 2471 522 2507 cf.
546 2470 628 2506 Cob.
649 2470 735 2505 Nov.
761 2471 856 2506 Lect.
882 2483 913 2516 p.
936 2471 1011 2506 691.
