1937 3075
880 278 929 315 67

333 418 357 442 σ
386 404 556 443 iunctum
585 406 624 452 θ,
663 420 713 447 π,
743 418 795 452 χ,
831 404 940 443 facile
966 405 1181 456 negligitur.
1236 404 1374 444 Contra
1411 405 1533 443 minu-

280 479 342 515 tus
370 476 541 515 hamulus
567 475 685 515 literis
709 475 746 520 θ,
777 491 807 514 π
826 480 863 515 et
886 489 918 524 χ
953 475 1103 515 additus
1126 476 1310 515 interdum
1344 489 1535 529 perperam

280 548 437 588 habetur
463 562 529 599 pro
557 563 593 587 σ.
655 548 830 598 Exempla
856 548 897 586 in
924 547 1094 599 perfectis
1121 548 1278 599 passivis
1306 548 1409 587 dedit
1441 548 1535 586 Dor-

281 619 409 659 villius
437 619 477 659 in
504 618 647 659 Charit.
674 633 712 672 p.
742 620 836 660 403.

337 692 386 731 In
416 692 542 733 Schol.
572 692 620 731 ad
648 692 722 733 Od.
752 693 803 732 N.
832 706 868 732 v.
900 693 948 731 10
978 705 1079 744 seqq.

396 827 557 880 (εἵματα
588 829 658 876 μὲν
690 829 732 874 δὴ
762 829 867 878 ξείνῳ
896 805 1056 877 gisen„
1086 827 1135 867 a>
1165 827 1276 876 χηλῷ

394 905 519 940 κεῖται
549 901 613 940 καὶ
642 903 783 950 χρυσὸς
814 902 1114 948 πολυδαίδαλος,
1142 900 1251 940 ἄλλα
1279 915 1323 940 τε
1352 898 1485 939 πάντα

395 973 477 1022 δῶρ’
494 971 566 1012 ὅσα
597 975 770 1020 Φαιήκων
797 974 1028 1023 βουληφόροι
1058 974 1179 1013 ἔνθαδ’
1201 973 1378 1025 ἔνεικαν.)

288 1107 462 1148 mendum
490 1109 588 1149 inest
616 1110 865 1149 manifestum.

344 1180 529 1221 Observat
556 1182 799 1223 Scholiastes:
830 1184 1022 1232 εὐπρεπῶς
1050 1182 1086 1222 δὲ
1114 1183 1177 1222 τὸν
1202 1182 1315 1231 λόγον
1344 1181 1545 1230 ἐξήνεγκεν

290 1255 356 1293 οὐκ
397 1254 571 1304 ἄντικρυς
617 1257 748 1304 φήσας
790 1255 845 1295 ὅτι
894 1256 1038 1304 ἔλαβες
1080 1257 1150 1304 μὲν
1189 1257 1254 1295 καὶ
1300 1257 1441 1301 ἐσθῆτα
1481 1255 1545 1294 καὶ

290 1328 430 1376 χρυσὸν
464 1328 527 1366 καὶ
569 1327 678 1367 ἄλλα
720 1329 839 1378 δῶρα,
884 1333 945 1368 νῦν
992 1329 1029 1368 δὲ
1069 1330 1133 1368 καὶ
1171 1328 1330 1378 τρίποδα
1376 1343 1431 1368 σοι
1479 1329 1543 1367 καὶ

291 1400 445 1447 λέβητα
485 1399 574 1438 κατ’
602 1401 719 1450 ἄνδρα
762 1403 1075 1450 προθήσομεν
1118 1417 1153 1441 κ.
1181 1411 1278 1441 τ.λ.
1349 1402 1547 1441 Neminem

295 1473 425 1524 opinor
466 1474 557 1512 latet
599 1474 689 1524 quid
730 1475 818 1513 velit
860 1479 1002 1521 noster,
1049 1479 1088 1513 at
1129 1475 1372 1513 nihilominus
1414 1473 1551 1512 doctis-

296 1545 408 1584 simos
429 1545 587 1584 editores
611 1546 711 1598 fugit
735 1546 867 1586 vitium
892 1547 1081 1586 dictionis.
1113 1548 1366 1595 προθήσομεν
1397 1545 1552 1593 λέβητα

296 1617 494 1656 ridiculum
523 1622 600 1663 est;
628 1622 667 1656 tu
699 1618 792 1657 adde
821 1633 863 1657 σε
895 1620 1251 1666 προσθήσομεν.

352 1689 408 1729 De
444 1692 477 1739 φ
508 1693 545 1729 et
572 1693 602 1738 ψ
638 1689 797 1730 invicem
840 1692 1058 1743 permutatis
1096 1691 1182 1731 vide
1217 1690 1307 1744 Cap.
1346 1690 1421 1730 III.
1477 1690 1552 1729 Va-

298 1763 373 1802 riae
414 1763 591 1803 lectiones
632 1777 913 1815 nonnumquam
955 1764 1161 1803 afferuntur
1202 1764 1306 1814 ὄφεις
1347 1767 1384 1804 et
1425 1763 1552 1812 ὄψεις,

300 1835 405 1883 φίλοι
436 1840 473 1876 et
501 1836 610 1884 ψιλοί
637 1840 706 1876 ete.

356 1908 624 1960 Saepenumero
653 1909 771 1947 solum
786 1899 835 1958 ncl>
863 1909 1003 1961 legitur
1029 1922 1096 1961 pro
1129 1911 1182 1958 φρ
1211 1922 1242 1948 e.
1258 1923 1295 1961 g.
1333 1908 1461 1957 τοὶφος
1490 1922 1557 1961 pro

301 1979 468 2029 τοέφρος,
502 1980 602 2033 (vide
632 1995 707 2021 var.
736 1981 822 2021 lect.
851 1981 898 2020 ad
917 1982 1080 2034 Lycurgi
1102 1981 1271 2022 Leocrat.
1295 1995 1334 2034 p.
1361 1982 1457 2030 153,
1488 1982 1555 2032 27)

302 2054 465 2103 φονικῶς
507 2053 548 2091 in
590 2054 755 2105 margine
800 2053 979 2093 librorum
1021 2067 1089 2105 pro
1138 2054 1347 2102 φρονίμως,
1400 2052 1557 2102 ἔφασαν

303 2140 370 2179 pro
400 2124 575 2175 ἔφρασαν
603 2129 673 2165 etc.
729 2124 867 2165 Contra
895 2139 1042 2165 omnem
1079 2126 1285 2177 analogiam
1318 2125 1558 2177 pertinaciter

305 2198 517 2238 defenditur
557 2196 708 2246 φατρία
750 2211 817 2250 pro
853 2197 1023 2246 φρατρία
1044 2198 1088 2250 1).
1147 2198 1283 2249 Neque
1329 2211 1432 2236 rarus
1473 2211 1561 2237 eon-

352 2447 377 2489 ¹)
400 2444 521 2478 Eodem
540 2444 667 2488 modop
691 2442 812 2478 excidit
834 2444 908 2488 post
934 2453 998 2475 στι
1027 2440 1246 2484 ἀβέλλει,
1274 2442 1436 2487 στέφει
1459 2443 1561 2478 habet

309 2504 504 2549 Hesychius,
547 2504 638 2549 Lege
660 2502 771 2539 sodes:
794 2500 1010 2540 ἰιΓέλλει,
1037 2499 1233 2545 στρέφει.

1357 2566 1406 2592 5*
