1937 3075
618 799 878 859 CAPUT
925 797 1262 857 PRIMUM.

838 997 1062 1006 ——-

1006 1128 1063 1158 Res
1084 1127 1163 1158 enim
1184 1129 1253 1157 sunt
1280 1136 1402 1166 parvae,
1430 1135 1518 1167 prope
1540 1126 1572 1156 in

1048 1177 1176 1217 singulis
1189 1177 1288 1207 literis
1301 1180 1387 1218 atque
1403 1177 1571 1217 interpunc-

1046 1228 1177 1258 tionibus
1197 1221 1352 1258 verborum
1372 1230 1536 1267 occupatae.

1206 1277 1269 1308 cic.
1290 1287 1342 1317 pro
1363 1277 1445 1308 Mur.
1466 1277 1509 1308 11.

368 1397 413 1436 In
442 1396 707 1437 vetustissimis
742 1395 846 1435 libris
883 1394 991 1434 MSS.
1026 1394 1260 1447 singulorum
1286 1393 1485 1433 verborum
1514 1394 1570 1433 in-

316 1470 524 1523 terpunctio
552 1470 628 1509 fere
655 1469 757 1509 nulla
790 1471 890 1518 erat,
926 1467 1055 1507 literae
1082 1461 1248 1506 unciales
1274 1470 1451 1520 perpetua
1478 1467 1570 1506 serie

316 1542 644 1590 continuabantur,
687 1541 838 1593 spiritus
879 1544 915 1579 et
955 1543 1127 1579 accentus
1168 1539 1331 1578 deerant.
1388 1539 1568 1591 Exemplo

315 1619 511 1668 supersunt
551 1614 635 1653 libri
676 1612 870 1666 papyracei
909 1612 981 1652 hoc
1014 1611 1160 1651 saeculo
1193 1611 1328 1651 Thebis
1372 1611 1568 1664 Aegyptiis

314 1688 496 1740 imprimis
537 1690 574 1726 et
610 1685 811 1725 Herculani
846 1684 1005 1737 reperti3
1047 1682 1315 1723 membranacei
1343 1683 1567 1732 Vaticanus,

314 1760 535 1810 Sinaiticus,
566 1758 818 1799 Oetateuchus
844 1757 1070 1806 Vossianus,
1107 1756 1170 1795 alii
1206 1755 1422 1809 complures.
1480 1755 1568 1795 Sen-

315 1833 385 1873 sim
412 1837 537 1872 autem
564 1832 867 1885 pedetentimque
895 1844 975 1870 mos
1003 1830 1181 1881 antiquus
1208 1829 1302 1869 abiit
1329 1830 1369 1868 in
1397 1829 1568 1869 desuetu-

314 1906 449 1947 dinem.
505 1905 715 1959 Coeperunt
740 1904 780 1944 in
807 1904 988 1944 lectorum
1011 1902 1246 1943 commodum
1269 1902 1437 1956 singulas
1461 1916 1569 1942 voces

312 1979 518 2019 intervallis
545 1979 774 2031 distinguere
801 1980 847 2016 ut
872 1990 972 2017 nunc
1001 1976 1180 2025 solemus3
1208 1976 1400 2015 literarum
1426 1975 1568 2015 formae

312 2052 493 2093 rotundae
535 2052 656 2091 factae
697 2050 743 2091 ab
777 2049 965 2103 angulosis
1002 2053 1046 2089 ut
1081 2063 1157 2089 uno
1187 2049 1305 2090 ductu
1333 2053 1568 2090 exararentur

312 2139 399 2165 cum
439 2123 747 2178 praecedentibus
784 2125 822 2162 et
859 2121 1169 2173 subsequentibus
1200 2121 1367 2161 eiusdem
1393 2121 1566 2162 vocabuli

311 2201 441 2251 sponte
465 2195 805 2249 coniungebantur;
833 2198 1005 2235 accentus
1028 2197 1067 2234 et
1088 2193 1242 2248 spiritus
1265 2194 1445 2247 denique,
1473 2194 1565 2235 olim

310 2270 390 2309 sine
431 2270 566 2308 damno
608 2269 757 2317 omissi,
800 2268 951 2321 posthac
992 2267 1033 2306 in
1074 2267 1172 2306 diem
1210 2271 1393 2306 crescente
1430 2268 1565 2306 veteris

308 2342 458 2394 linguae
485 2341 634 2381 inscitia
660 2342 865 2393 legentium
892 2355 934 2380 ac
962 2340 1250 2393 praelegentium
1285 2340 1414 2380 turbae
1441 2355 1563 2380 neces-

308 2414 445 2454 sarium
487 2418 592 2453 erant
628 2412 864 2465 praesidium.
920 2412 983 2451 Sic
1017 2412 1158 2451 factum
1195 2415 1239 2451 ut
1280 2412 1425 2452 saeculo
1461 2426 1561 2452 nono

306 2501 345 2540 p.
364 2485 452 2527 Chr.
470 2500 509 2526 n.
537 2486 693 2537 antiqua
721 2485 904 2538 scriptura
925 2485 1067 2538 ubique
1086 2499 1130 2525 ex
1152 2485 1342 2525 communi
1370 2485 1560 2526 hominum
