1937 3075
996 224 1046 260 22

452 352 514 393 Ad
542 351 677 405 Odyss.
707 352 758 392 N.
789 365 824 392 ν.
855 354 931 392 215

482 457 590 509 (ἀλλ’
609 455 687 505 ἄγε
717 457 759 503 δὴ
790 457 841 497 τα
871 457 1046 507 χρήματ’
1065 457 1257 506 ἀριθμήσω
1287 456 1351 496 καὶ
1382 454 1541 504 ἴδωμαι,

478 531 534 579 μή
562 529 604 570 τί
630 545 692 579 μοι
722 530 894 581 οἴχονται
925 530 1052 576 κοίλης
1083 530 1144 570 ἐπὶ
1176 531 1258 576 νηὸς
1286 530 1464 582 ἄγοντες)

450 642 676 682 Scholiastes
705 646 877 683 annotat:
907 642 968 682 ἵνα
996 642 1064 687 τὴν
1094 642 1247 690 γνώμην
1278 643 1402 682 αὐτῶν
1427 640 1648 693 καταμάθῃ.

395 718 427 756 εἶ
463 716 540 765 γὰρ
570 716 686 764 μηδὲν
718 715 862 755 ἔλιπε
893 719 965 755 τῶν
1001 715 1236 765 χρημάτων,
1276 716 1413 765 ψευδὲς
1447 713 1486 760 ἦν
1523 716 1565 754 τὸ
1599 717 1650 760 εἷς

394 789 603 838 ἀλλοτρίαν
631 794 704 837 γῆν
733 790 847 828 αὐτὸν
881 772 1067 839 ἀφῖχθαι.
1129 789 1334 829 Verborum
1363 790 1546 828 sententia
1574 793 1650 829 est:

393 863 425 902 si
454 862 554 902 enim
581 862 678 902 nihil
706 863 840 901 deesset
855 892 977 903 .....
995 867 1064 902 etc.
1104 863 1167 902 sed
1204 876 1280 901 non
1315 863 1410 901 hanc
1438 862 1512 902 vim
1541 862 1653 903 habet

391 935 551 988 simplex
578 935 797 975 λείπειν.

447 1008 538 1047 Non
567 1012 809 1061 opponuntur
837 1009 935 1048 inter
963 1023 1001 1048 se
1030 1009 1228 1048 λείπειν
1258 1012 1295 1047 et
1324 1014 1558 1056 παρεῖναι
1590 1009 1654 1048 sed

391 1080 661 1121 ἐλλείπειν.
720 1081 821 1135 Lege
858 1081 975 1135 igitur
1004 1083 1035 1121 εἶ
1075 1082 1192 1130 μηδὲν
1222 1081 1415 1121 ἐνέλιπεν.
1474 1081 1654 1134 Exempla

391 1154 494 1193 verbi
524 1154 717 1193 ἐλλείπειν
747 1159 834 1193 sunt
863 1155 963 1208 apud
996 1155 1199 1207 quemlibet
1225 1155 1462 1208 scriptorem,
1492 1154 1655 1207 plurima

391 1227 492 1280 apud
529 1228 738 1268 Platonem.
796 1229 911 1268 Recte
948 1229 1047 1281 apud
1084 1228 1278 1281 Polybium
1311 1228 1351 1268 in
1383 1227 1550 1268 oratione
1576 1228 1654 1268 Sci-

392 1300 516 1351 pionis
546 1299 643 1352 (XI,
674 1301 745 1349 28,
776 1303 800 1339 4·
830 1300 933 1340 Edit.
963 1301 1135 1351 Stereot.)
1166 1300 1296 1339 Ἀλλα
1328 1302 1438 1338 τοῦτο
1463 1299 1551 1347 ἐμὸν
1583 1300 1653 1347 μὲν

394 1373 460 1411 οὐκ
494 1368 536 1417 ἦν
563 1371 764 1421 ἔγκλημα·
800 1372 903 1412 κατὰ
938 1373 1014 1422 γὰρ
1048 1373 1116 1418 τὴν
1149 1374 1243 1421 ἐμὴν
1274 1373 1399 1423 ἀρχὴν
1432 1373 1534 1413 οὐδὲν
1566 1374 1654 1421 ὑμῖν

397 1444 598 1484 ἐνέλιπε
621 1449 694 1485 τῶν
722 1445 901 1495 ὀψωνίων.
942 1445 1055 1498 Apud
1086 1446 1243 1485 eundem
1266 1446 1324 1495 X,
1357 1447 1427 1495 18,
1459 1447 1481 1484 8
1512 1446 1653 1485 editur:

396 1519 601 1566 συμπαθὴς
634 1518 836 1568 γενόμενος
872 1519 977 1569 ἤρετο
1010 1519 1050 1558 τί
1079 1519 1250 1559 λείπει
1292 1520 1445 1563 αὐταῖς.
1505 1520 1657 1572 Repone

399 1592 630 1633 ἐλλείπει
669 1597 712 1632 ut
748 1593 870 1646 paullo
899 1593 995 1632 infra
1022 1593 1198 1646 legimus:
1228 1593 1370 1642 θαρρεῖν
1399 1592 1550 1632 ἐκέλευε
1583 1591 1656 1636 τὰς

397 1671 604 1715 γυναῖκας·
625 1667 740 1711 αὐτὸς
760 1667 836 1716 γὰρ
859 1667 1002 1716 ἑτέρους
1031 1667 1248 1712 ἐπιστήσειν
1278 1667 1364 1710 τοὺς
1386 1669 1655 1716 φροντιοῦντας

399 1739 460 1779 ἵνα
493 1739 608 1787 μηδὲν
640 1741 780 1783 αὐταῖς
815 1739 1026 1789 ἐλλείπῃ
1055 1742 1126 1778 τῶν
1161 1739 1391 1785 ἐπιτηδείων,
1440 1738 1594 1778 Varium
1622 1743 1660 1778 et

397 1813 574 1852 mutabile
602 1827 744 1865 semper
771 1813 916 1852 Editor.

456 1887 501 1926 In
540 1886 678 1926 Athen.
715 1886 799 1926 Lib.
829 1886 909 1935 IX,
946 1901 983 1939 p.
1013 1888 1091 1926 400
1129 1886 1165 1925 d.
1206 1887 1381 1938 legimus,
1419 1899 1504 1924 cum
1537 1886 1577 1924 in
1604 1886 1659 1925 in-

402 1960 481 1999 sula
509 1959 730 2012 Astypalaea
759 1959 889 2012 ingens
920 1959 1119 2011 aliquando
1155 1962 1250 1998 esset
1285 1958 1453 2011 leporum
1482 1958 1587 2011 copia
1615 1958 1662 1997 ad

402 2033 551 2072 oracula
569 2031 870 2084 confugientibus
888 2031 1236 2084 Astypalaeensibus
1254 2031 1320 2076 τὴν
1345 2030 1487 2070 Πυθίαν
1507 2031 1660 2069 εἰπεῖν

403 2105 518 2148 κύνας
553 2103 708 2154 τρέφειν
737 2104 801 2143 καὶ
834 2109 1070 2152 κυνηγετεῖν.
1130 2104 1248 2156 Atqui
1275 2118 1350 2143 non
1379 2104 1474 2143 solet
1502 2105 1660 2143 εἰπεῖν

404 2181 424 2224 ἡ
455 2178 602 2224 Πυθία,
642 2177 744 2230 quod
783 2177 949 2218 cuiusvis
988 2182 1064 2226 est,
1104 2178 1167 2217 sed
1207 2179 1383 2217 οένειπεῖν
1423 2182 1460 2217 et
1488 2178 1659 2217 ἀνελεῖν.

405 2252 553 2293 Adhibe
580 2252 697 2306 igitur
725 2251 947 2292 medicinam
976 2265 1049 2304 qua
1078 2265 1170 2304 opus
1199 2255 1268 2291 est.

462 2326 578 2378 Apud
620 2326 778 2365 eundem
820 2325 903 2365 Lib.
944 2324 1066 2373 XIII,
1112 2339 1148 2376 p.
1187 2326 1262 2362 592
1304 2338 1335 2363 e.
1375 2325 1415 2362 in
1456 2324 1663 2376 fragmento

408 2398 585 2439 orationis
613 2398 790 2450 Lysiacae
816 2396 920 2437 κατα
939 2396 1104 2442 Λαΐδος,
1137 2397 1167 2436 εἱ
1198 2395 1350 2444 γνήσιος
1380 2396 1396 2435 o‘
1430 2395 1559 2445 λόγος,
1588 2395 1663 2436 edi-

410 2477 491 2512 tur:
533 2471 680 2520 Φιλύρα
712 2471 759 2518 γέ
789 2485 843 2510 τοι
883 2470 1082 2511 ἐπαύσατο
1114 2469 1360 2520 πορνευομένη
1393 2469 1471 2509 καὶ
1505 2469 1560 2508 ἔτι
1597 2470 1664 2510 νέα
