1937 3075
972 227 993 262 6

355 351 473 391 aciem
510 352 651 405 ingenii
685 352 841 392 humani
876 353 1076 407 effugiant,
1113 353 1230 394 satius
1266 352 1316 394 sit
1350 353 1424 394 alto
1458 353 1609 401 silentio

351 437 527 477 premere.

408 496 544 541 Libere
564 497 687 538 dicam
707 499 807 552 quod
829 499 962 540 sentio.
1004 502 1085 541 Aut
1108 514 1178 555 ego
1205 502 1314 542 fallor
1340 505 1405 543 aut
1433 502 1610 556 sapientis

355 575 412 611 est
433 574 574 618 γνῶναι
596 572 730 612 ἑαυτὸν
755 577 793 612 et
816 574 996 624 quaedam
1015 576 1163 615 nescire.
1201 576 1310 614 Patet
1327 580 1450 615 autem
1471 576 1610 615 criticis

353 656 511 695 campus
534 644 768 684 vastissimus
796 645 836 684 in
865 658 941 696 quo
964 659 1031 698 pro
1055 660 1122 686 sua
1145 647 1306 699 quisque
1327 647 1504 686 facultate
1532 661 1609 686 om-

352 729 418 754 nes
455 729 601 757 summa
634 717 804 756 libertate
841 731 1030 756 excurrere
1066 722 1239 771 possunt
1262 721 1360 771 (nam
1398 719 1497 770 quod
1532 732 1609 758 non

350 786 507 826 liberum
546 792 602 827 est
638 789 820 827 iudicium
858 790 898 827 id
934 790 1079 828 nullum
1114 791 1337 842 habendum)
1367 790 1431 828 sed
1460 803 1609 842 campus

338 861 476 900 'tamen
513 864 559 900 ut
592 861 822 914 pomoerium
856 861 959 902 urbis
987 862 1127 902 Romae
1154 862 1263 902 certis
1290 862 1427 902 finibus
1454 862 1609 901 circum·

351 932 510 984 scriptus
548 946 668 983 „quos
705 934 804 973 ultra
840 935 1006 985 citraque
1040 934 1171 985 nequit
1199 934 1399 977 consistere
1425 933 1609 973 rectum”.

353 1003 466 1054 Quod
489 1004 582 1045 scite
604 1004 740 1045 alicubi
754 1005 937 1045 Martialis
956 1010 999 1045 ut
1021 1006 1148 1058 plura:
1181 1005 1389 1056 '‘Quisquis
1409 1005 1492 1058 plus
1510 1006 1610 1045 iusto

350 1089 426 1115 non
451 1077 549 1128 sapit
575 1077 641 1115 ille
662 1078 800 1129 sapit’'.
844 1078 942 1116 Mihi
967 1078 1117 1129 quidem
1143 1091 1251 1130 saepe
1273 1077 1321 1116 ob
1343 1077 1468 1116 oculos
1491 1091 1609 1117 versa-

352 1152 414 1188 tur
440 1149 571 1189 infelix
598 1149 696 1189 Icari
725 1150 829 1189 illius
857 1151 1001 1202 imago,
1035 1151 1100 1202 qui
1128 1151 1271 1189 utinam
1295 1154 1460 1202 posteros
1484 1163 1611 1188 omnes

352 1220 524 1273 exemplo
552 1234 621 1260 suo
650 1220 887 1261 deterruisset
910 1236 958 1261 ne
982 1222 1096 1261 cereis
1118 1222 1250 1275 pennis
1273 1222 1386 1261 altius
1408 1221 1609 1261 evolarent!

352 1293 465 1342 Quod
483 1293 592 1345 longe
615 1294 721 1332 aliter
740 1295 876 1334 evenit.
914 1295 965 1333 Et
987 1308 1072 1333 vero
1095 1295 1196 1345 quod
1217 1294 1384 1333 homines
1407 1294 1524 1345 inepti
1544 1307 1611 1332 suo

353 1365 534 1405 arbitratu
557 1365 602 1405 de
626 1366 795 1418 qualibet
815 1380 853 1406 re
877 1366 1060 1419 quidlibet
1087 1370 1275 1415 statuant,
1295 1365 1335 1405 id
1358 1379 1432 1405 non
1462 1379 1611 1418 magno-

351 1452 438 1490 pere
462 1452 646 1478 curamuS.
689 1439 877 1486 ''Istorum
905 1440 1051 1487 levitas,
1083 1444 1124 1477 ut
1147 1443 1245 1478 reete
1269 1439 1323 1477 ait
1345 1439 1610 1489 Ruhnkenius‚

353 1510 549 1550 doctorum
577 1510 724 1551 silentio
755 1516 792 1551 et
821 1515 1009 1551 contemtu
1044 1511 1191 1550 abunde
1221 1510 1469 1550 vindicatur.”
1524 1511 1612 1550 For-

353 1584 452 1641 sitan
486 1584 673 1636 quispiam
714 1584 851 1624 dixerit
893 1584 1163 1624 intolerabilem
1204 1597 1283 1623 esse
1316 1587 1460 1623 tantam
1493 1583 1613 1636 impu-

355 1657 521 1696 dentiam
549 1660 587 1696 et
616 1657 749 1707 quovis
775 1657 884 1696 modo
916 1657 1167 1696 coercendam.
1226 1659 1277 1694 At
1299 1670 1374 1694 non
1403 1660 1461 1694 est
1483 1669 1615 1707 operae

354 1728 530 1781 pretium.
572 1728 726 1767 Pariant
745 1728 851 1768 irrita
873 1743 940 1768 sua
963 1742 1034 1768 ova
1058 1732 1236 1780 partaque
1260 1728 1411 1767 foveant
1426 1715 1613 1778 ⁴quamdiu

356 1799 537 1852 placebit:
574 1813 778 1851 numquam
817 1800 1022 1851 quidquam
1060 1799 1176 1839 exibit
1204 1800 1306 1851 quod
1333 1800 1450 1840 viz-ere
1480 1803 1613 1852 potest.

359 1872 431 1911 Sed
460 1875 602 1920 tamen,
631 1877 676 1911 ut
704 1886 833 1912 verum
870 1872 1006 1920 fatear,
1036 1873 1227 1923 aliquanto
1249 1874 1402 1924 gravius
1430 1873 1616 1912 interdum

359 1957 419 1982 me
454 1948 663 1983 commovet
696 1944 852 1983 ridicula
891 1945 1072 1995 quaedam
1109 1945 1342 1997 superstitio,
1381 1958 1455 1996 qua
1491 1949 1617 1984 nostra

358 2018 573 2071 praesertim
607 2021 727 2057 aetate
755 2017 933 2070 permulti
962 2018 1130 2057 funditus
1158 2017 1292 2056 imbuti
1321 2021 1421 2057 sunt.
1470 2017 1618 2056 Scilicet

360 2091 536 2130 adoratur
579 2090 729 2143 stupida
763 2091 941 2142 religione
982 2091 1050 2130 dea
1088 2091 1268 2142 quaedam
1311 2091 1472 2129 scientia
1508 2094 1617 2137 nata,

360 2164 511 2217 opinor,
550 2178 595 2203 ex
633 2163 781 2203 cerebro
827 2164 993 2204 mortalis
1027 2164 1150 2204 nescio
1188 2163 1295 2204 cuius
1323 2163 1440 2216 inepti
1468 2166 1505 2202 et
1533 2176 1618 2202 cum

360 2236 471 2276 docta
496 2236 667 2275 Minerva
692 2250 814 2288 neque
836 2237 1093 2275 aeternitatem
1116 2250 1238 2288 neque
1265 2235 1483 2275 modestiam
1507 2234 1618 2286 virgi-

362 2308 482 2347 nalem
501 2321 622 2358 neque
647 2307 851 2359 quidquam
876 2308 980 2347 aliud
1004 2321 1198 2347 commune
1220 2307 1371 2347 habens.
1414 2307 1448 2346 O
1466 2312 1620 2355 'maneta

362 2379 630 2419 eruditulorum
668 2380 930 2430 simplicitas&
989 2380 1098 2419 Hanc
1130 2394 1231 2418 nunc
1259 2384 1469 2431 poetarum,
1499 2379 1619 2431 philo-

364 2452 583 2505 sophorum,
627 2456 815 2492 oratorum
858 2466 987 2505 greges
1030 2466 1246 2492 numerosae
1279 2452 1474 2492 coelestem
1514 2452 1619 2492 deam
