1937 3075
986 238 1038 276 42

384 367 549 406 Lexicon
575 380 686 406 suum
708 367 859 420 recepit.
901 367 993 407 Non
1018 366 1189 421 capiebat
1212 367 1312 407 enim
1337 367 1449 407 verba
1472 381 1646 420 magnam

383 444 525 492 part—em
569 439 695 492 epioe,
738 441 858 492 prisca
900 445 937 480 et
980 455 1084 480 casea
1126 442 1252 480 addito
1293 441 1492 493 Digamma
1533 441 1644 480 etiam

384 512 503 565 magis
531 511 746 562 obscurata,
784 526 877 565 quae
915 512 1057 555 dudum
1086 513 1255 554 abierant
1282 513 1322 553 in
1350 513 1646 566 desuetudinem³

383 584 500 623 Haud
533 585 757 624 mediocrem
791 585 993 624 utilitatem
1023 589 1143 624 tamen
1172 586 1323 625 haberet
1352 599 1479 625 omnes
1516 586 1645 625 huius-

384 656 529 698 cemodi
558 671 696 698 errores
725 657 795 697 sub
818 670 933 697 unum
956 660 1195 710 conspectum
1221 672 1357 711 ponere
1387 662 1430 698 ut
1457 658 1646 710 aliquanto

383 730 522 768 rectius
550 731 663 768 etiam
692 730 805 768 statui
833 733 957 781 posset
985 743 1077 781 quae
1093 730 1271 769 vocabula
1296 732 1385 769 olim
1412 732 1548 783 scripta
1569 732 1646 770 fue-

383 802 460 841 rint
489 816 572 842 cum
600 802 815 855 Digamma:

439 879 482 918 Γ,
516 880 555 918 1,
587 879 638 917 Τ,
670 880 728 918 Π,
759 879 839 918 TI,
870 879 940 918 ΙΤ,
972 880 1014 919 Ρ,
1045 880 1077 912 Τ
1113 874 1239 913 crebro
1279 874 1376 913 inter
1412 888 1449 913 se
1483 888 1645 914 commu-

385 950 526 986 tantur.

439 1019 512 1060 Od.
534 1025 590 1066 A,
621 1021 720 1059 386:
751 1020 851 1067 ἁγνὴ
873 1019 1134 1069 Περσεφόνεια
1170 1023 1357 1066 γυναικῶν
1395 1019 1645 1069 θηλυτεράων.

382 1093 554 1132 Testatur
596 1093 818 1132 Eustathius
861 1093 951 1132 alios
995 1093 1138 1132 codices
1176 1092 1347 1132 habuisse
1384 1092 1515 1140 ἁγνὴ
1554 1093 1646 1132 alios

384 1166 512 1210 αἰνή.
571 1166 720 1215 Quibus
759 1166 842 1210 αἰνὴ
879 1165 1001 1217 placet
1029 1170 1243 1217 comparant
1271 1165 1319 1205 Il.
1351 1181 1386 1214 ι,
1423 1168 1500 1206 457
1534 1166 1643 1217 (Ζεύς

384 1254 427 1277 τε
457 1236 709 1287 καταχθόνιος
737 1238 799 1277 καὶ
835 1238 1016 1282 ἐπαινὴ
1050 1237 1338 1289 Περσεφόνεια).
1395 1238 1563 1277 Praestat
1592 1242 1647 1277 ta-

385 1324 470 1349 men
511 1311 624 1349 leetio
667 1310 807 1358 dyviqf
835 1311 988 1350 solitum
1030 1310 1274 1361 Proserpinae
1321 1312 1524 1363 epitheton.
1586 1311 1644 1351 Of.

385 1383 527 1435 Hymn.
556 1384 596 1422 in
624 1383 706 1424 Cer.
728 1398 762 1423 v.
790 1385 883 1423 439.
939 1383 1064 1423 Etiam
1093 1388 1225 1436 poetae
1252 1384 1380 1423 Latini
1410 1385 1464 1424 ita
1490 1385 1646 1435 loquun-

383 1461 447 1496 tur
477 1456 598 1509 (Virg.
629 1458 723 1496 Aen.
754 1456 835 1505 VI,
866 1458 967 1506 402,
997 1457 1126 1510 Eclog.
1157 1456 1227 1505 IV,
1261 1457 1338 1508 10).

439 1530 614 1581 Sophocl.
644 1530 803 1568 Philoct.
834 1543 870 1568 v.
902 1531 1002 1567 943:

577 1634 746 1683 προσθείς
777 1649 820 1673 τε
849 1639 966 1683 χεῖρα
995 1634 1123 1680 δεξιὰν
1152 1633 1203 1672 τα
1233 1631 1329 1680 τόξα
1359 1649 1431 1681 μου

577 1707 687 1757 ἱερὰ
718 1708 851 1756 λαβὼν
880 1711 947 1747 τοῦ
980 1707 1094 1753 Ζηνὸς
1125 1707 1354 1755 Ἡρακλέους
1386 1707 1483 1756 ἔχει.

438 1818 595 1869 Legitur
624 1832 646 1856 a
673 1817 865 1856 nonnullis
893 1817 1028 1865 γέρα.
1086 1816 1197 1865 Quod
1234 1830 1310 1855 non
1339 1819 1395 1855 est
1428 1820 1566 1855 temere
1594 1830 1648 1855 re-

386 1890 626 1941 pudiandum.
685 1890 828 1928 Verum.
854 1903 944 1928 cave
972 1903 1018 1928 ne
1046 1889 1248 1940 coniungas
1276 1889 1373 1937 γέρα
1394 1912 1447 1918 -
1472 1890 1618 1936 λαβών.

442 1962 634 2002 Dobraeus
657 1962 847 2013 (Adversa.
868 1961 907 2010 1,
938 1976 975 2013 p.
1007 1963 1101 2012 356)
1133 1961 1231 2013 apud
1259 1961 1513 2001 Philemonem
1543 1961 1648 2001 Stob.

385 2034 519 2083 LVII,
551 2037 629 2073 219
661 2034 769 2074 Grot.
801 2035 901 2081 373,
934 2035 982 2072 50
1014 2033 1128 2072 Gesn.
1155 2048 1221 2085 pro
1250 2033 1435 2082 λαχάνων
1465 2034 1581 2080 ἄγει
1612 2049 1647 2073 τι

385 2107 593 2147 felicissime
618 2107 784 2147 restituit
807 2105 992 2155 λαχάνων
1012 2106 1167 2158 τὀὶ(ι)εί
1189 2121 1242 2155 τι,
1272 2107 1372 2157 quod
1391 2107 1529 2159 recepit
1557 2107 1650 2145 Mei-

386 2181 520 2221 nekius
548 2181 587 2221 in
617 2182 764 2233 Fragm.
794 2180 898 2220 Poet.
929 2180 1069 2220 Comic.

442 2255 636 2293 Praeterea
675 2255 720 2293 de
758 2260 773 2292 Ι
813 2258 849 2293 et
888 2259 914 2292 Γ
960 2253 1180 2306 permutatis
1224 2253 1271 2292 cf.
1314 2253 1416 2303 quod
1459 2254 1652 2292 annotavit

386 2327 600 2366 Hemsterh.
641 2327 687 2365 ad
725 2327 882 2366 Lucian.
912 2327 955 2366 Τ.
985 2327 1027 2374 Ι,
1067 2341 1103 2378 p.
1135 2328 1225 2373 287,
1265 2326 1431 2365 Brunck.
1469 2326 1516 2365 ad
1549 2327 1652 2365 Aris-

387 2399 492 2451 toph.
525 2398 686 2438 Aeharn.
719 2413 753 2439 v.
786 2399 903 2439 1177.
1438 2403 1441 2406 ’

442 2477 477 2508 Τ
508 2485 576 2522 pro
606 2476 633 2509 Γ
665 2472 830 2522 positum
867 2476 1001 2510 terram
1038 2471 1221 2510 interdum
1254 2471 1416 2509 mutavit
1445 2472 1484 2509 in
1518 2472 1652 2509 articu-
