1937 3075
914 269 962 309 27

375 400 435 439 Ad
464 412 609 439 versum
640 400 689 437 87
720 398 766 437 B.
795 398 982 450 Odysseae

457 509 527 558 (σοὶ
566 508 597 545 δ’
621 507 699 545 οὔτι
735 511 946 553 μνηστῆρες
973 509 1145 554 Ἀχαιῶν
1175 508 1290 545 αἴτιοί
1317 509 1408 546 εἰσιν

508 578 616 617 ἀλλὰ
647 577 745 626 <Dim
779 577 919 628 μήτηρ)

319 686 386 726 ubi
415 680 612 726 Antinous⁸
640 685 743 725 duris
770 685 892 725 verbis
929 685 1119 725 invehitur
1147 685 1186 725 in
1214 685 1472 725 Telemachum
1499 700 1575 725 ma-

318 763 488 811 tremque
501 758 740 812 Penelopam,
770 759 908 799 variam
928 759 1123 799 lectionem
1150 758 1259 798 nobis
1279 758 1442 798 servavit
1462 759 1576 799 Scho-

318 833 444 872 liastes
485 846 596 886 supra
638 846 749 884 quam
776 832 866 872 dici
911 835 1034 886 potest
1079 832 1276 872 absurdam
1318 832 1381 871 sed
1423 832 1577 872 eandem

319 906 514 946 observatu
550 906 590 946 in
623 906 807 959 praesenti
842 906 944 946 haud
989 906 1198 946 mutilem.-
1233 905 1385 945 Scilicet
1422 906 1576 946 ascribit

318 978 360 1019 in
387 978 572 1031 margine:
602 977 801 1028 γράφεται
839 979 904 1018 καὶ
938 981 964 1018 οἱ
974 978 1117 1028 χέων,
1150 977 1266 1026 ἤγουν
1292 981 1364 1018 τῶν
1391 978 1573 1028 θλίψεων,

319 1051 420 1105 quod
442 1051 501 1091 uti
527 1051 728 1092 lectoribus
748 1051 980 1092 commendet
1005 1051 1113 1091 docte
1141 1050 1265 1092 addit:
1296 1052 1316 1098 ἧ
1337 1051 1444 1099 ὀξεῖαι
1468 1052 1574 1102 παρὰ

319 1125 371 1173 τῷ
401 1131 536 1174 ποιητῇ
566 1125 748 1164 ἐκτείνει]
796 1125 858 1163 Sic
887 1138 985 1164 error
1013 1138 1170 1163 errorem
1197 1139 1324 1176 parere
1351 1126 1458 1164 solet.
1503 1127 1575 1164 Ae-

318 1200 400 1237 tum
434 1201 491 1236 est
528 1197 573 1237 de
611 1201 688 1237 arte
724 1197 877 1237 metrica
913 1197 979 1237 ubi
1012 1197 1103 1236 haec
1131 1201 1168 1237 et
1197 1197 1333 1237 similia
1361 1197 1573 1251 probantur.

320 1269 504 1319 Quocirca
536 1270 634 1309 haud
666 1270 821 1322 illepida
858 1284 916 1309 res
953 1274 1008 1309 est
1043 1270 1306 1309 Graeculorum
1334 1270 1508 1319 ἀκρισίαν
1537 1276 1575 1310 et

319 1342 568 1389 ἀναισθησίαν
602 1342 789 1383 interdum
817 1342 1107 1383 animadvertere
1114 1360 1125 1392 ς
1155 1347 1340 1383 caeterum
1364 1344 1575 1397 ineptorum

321 1416 645 1469 grammaticorum
688 1419 896 1456 commenta
938 1420 975 1456 et
1017 1416 1254 1456 deliramenta
1290 1416 1388 1456 nihil
1426 1431 1577 1469 prorsus

322 1503 509 1530 moramur
546 1493 584 1530 et
617 1490 741 1530 πεδίον
771 1490 829 1530 vel
857 1489 1025 1537 παιδίον,
1061 1488 1165 1530 ἔλεον
1194 1490 1254 1530 vel
1285 1489 1411 1530 ἔλαιον
1442 1490 1577 1531 scribe-

321 1576 404 1602 mus
431 1566 475 1602 ut
501 1562 662 1602 maxime
690 1563 882 1615 placuerit.

378 1636 589 1675 Admodum
616 1636 850 1689 negligenter
882 1636 1023 1675 editum
1061 1639 1117 1675 est
1145 1636 1322 1675 Scholion
1349 1650 1425 1675 non
1455 1637 1577 1676 minus

321 1708 488 1761 ineptum
517 1709 564 1748 ad
592 1707 665 1749 Od.
694 1709 755 1757 II,
785 1723 823 1748 v.
854 1710 950 1748 305:

377 1783 448 1821 καί
473 1797 516 1820 τε
555 1782 635 1834 τέο]
680 1782 722 1820 τὸ
765 1796 808 1820 τε
852 1781 1037 1830 ἀόριστον.
1081 1782 1133 1820 διὸ
1174 1782 1237 1819 καὶ
1271 1781 1332 1820 ἐπὶ
1370 1785 1436 1820 τοῦ
1476 1783 1526 1821 κε’
1558 1783 1575 1820 ὃ

320 1855 437 1900 τόνος.
493 1856 735 1908 Quantocyus
776 1870 911 1909 repone
955 1855 1015 1895 ἐπὶ
1046 1858 1112 1895 τοῦ
1141 1855 1222 1894 καὶ
1255 1855 1270 1893 ὁ
1298 1854 1414 1900 τόνος.
1455 1856 1576 1896 schol.

320 1931 367 1970 ad
403 1935 428 1971 Ξ
460 1932 538 1969 398
576 1929 591 1967 ὃ
623 1930 779 1975 ποιητὴς
808 1929 984 1969 cecinisse
1017 1931 1134 1969 fertur
1170 1931 1201 1969 εἰ
1235 1930 1272 1968 δὲ
1309 1930 1388 1968 καὶ
1429 1930 1483 1977 μὴ
1514 1929 1577 1968 ἔλ-

320 2004 421 2052 θῃσιν
451 2001 552 2050 ἄναξ
580 2003 680 2055 quod
709 2002 819 2042 etiam
848 2002 956 2055 peius
984 2006 1052 2043 est.

375 2075 499 2115 Schol.
529 2076 576 2114 ad
606 2081 630 2115 Ξ
664 2077 739 2114 199
770 2076 1016 2126 fragmentum
1045 2075 1259 2114 Callimachi
1299 2077 1336 2114 in
1371 2076 1472 2114 hunc
1500 2089 1577 2114 mo-

320 2149 408 2189 dum
437 2148 635 2188 constituit
663 2148 872 2188 Porsonus:
1171 2147 1176 2150 “

484 2253 525 2292 ἔκ
554 2268 605 2301 με
635 2251 840 2292 Κολωνάων
869 2266 926 2297 τις
957 2252 1130 2300 ὂμέστιον
1161 2252 1291 2301 ἤγαγε
1322 2253 1439 2301 δήμου

483 2329 556 2365 τῶν
586 2325 726 2376 ἑτάρων
758 2326 882 2378 (metri
911 2340 1022 2366 causa
1048 2340 1115 2379 pro
1145 2325 1317 2379 ἑταίρων)

318 2438 383 2478 ubi
425 2451 568 2478 summo
610 2437 691 2477 iure
719 2436 761 2477 ἔκ
789 2452 839 2486 με
876 2436 1025 2490 scripsit
1062 2451 1128 2490 pro
1164 2438 1205 2477 ἐκ
1237 2438 1307 2486 μὲν
1335 2440 1372 2477 et
1401 2437 1572 2486 ὗμέο-τιον

317 2526 383 2564 pro
419 2512 591 2559 ὂμέστιος
630 2511 694 2550 sed
730 2512 769 2550 in
806 2512 879 2550 fine
916 2513 1101 2563 praestare
1139 2512 1286 2550 videtur
1313 2511 1423 2550 lectio
1461 2524 1572 2561 quam
