1937 3075
955 236 1003 276 76

348 367 466 407 aliud.
508 366 613 416 Quid
641 367 785 407 multa?
815 380 885 420 ope
907 366 1164 407 Valckenaerii
1193 379 1324 406 manus
1351 369 1481 419 poetae
1508 380 1611 406 revo-

349 440 424 480 cari
451 443 586 493 potest.
642 440 713 479 Est
749 440 789 479 in
822 440 977 480 Sehedis
1012 441 1101 480 haec
1128 439 1346 480 brevissima
1373 439 1610 479 annotatiun-

348 512 450 552 cula:
484 511 646 561 ''Aesch
676 511 787 552 Eum.
819 513 895 552 570
925 509 986 552 οὖν
1014 512 1058 552 L.
1080 526 1196 552 ουνου.
1252 511 1362 562 Quod
1390 510 1611 563 ingeniosis·

347 585 485 625 simum
509 585 705 624 inventum
731 585 857 624 statim
887 585 979 623 mihi
1007 584 1188 637 placebat.
1231 585 1286 624 Re
1313 583 1405 623 bene
1431 597 1611 636 perpensa

347 662 391 698 ut
424 672 549 711 spero,
579 671 753 697 numeros
781 657 821 695 in
849 657 949 696 hunc
979 657 1128 696 modum
1158 657 1364 697 constituo:

513 835 602 886 κᾷτ’
623 838 788 883 οὐροινο
805 838 824 873 ὖ
856 833 1023 883 διάτορος
1054 836 1105 886 (ἧ)
1135 835 1335 882 τυρσηνικῆ

511 907 692 956 σάλπιγξ
721 908 750 956 β
761 923 778 957 ρ
789 923 804 947 ο
816 924 840 947 τ
853 924 870 947 ε
882 909 894 948 ι’
906 923 922 947 ο
937 924 956 948 υ
986 908 1206 956 πνεύματος
1237 908 1474 958 πληρουμένη

510 982 706 1031 ὑπέρτονον
736 983 893 1030 γήρυμκ
923 981 1093 1031 φαινέτω
1124 982 1290 1029 στροιτῷ.

401 1091 554 1130 Excidit
581 1095 624 1129 ut
652 1090 801 1129 videtur
831 1089 969 1142 syllaba
1002 1089 1113 1142 longa
1151 1090 1189 1128 in
1223 1090 1317 1142 pede
1352 1094 1483 1141 quarto
1512 1091 1612 1141 quod

348 1164 552 1203 sexcenties
593 1164 732 1203 factum
776 1176 859 1202 cum
902 1162 1012 1201 litera
1050 1167 1083 1199 H
1123 1166 1209 1201 ante
1238 1167 1293 1200 TI
1323 1167 1360 1201 et
1388 1167 1457 1200 TT
1502 1162 1612 1214 (Vide

347 1236 436 1288 Cap.
465 1235 561 1288 III).
619 1236 728 1274 Hanc
766 1235 882 1286 igitur
916 1234 1056 1272 inserui
1086 1234 1131 1272 de
1167 1248 1285 1273 meo.·
1319 1234 1430 1283 Quod
1466 1239 1612 1274 rectene

348 1323 392 1348 an
422 1309 559 1348 iniuria
587 1309 736 1348 fecerim
771 1307 953 1347 iudicium
981 1306 1159 1359 permitto
1186 1307 1333 1356 lectori,
1364 1308 1428 1358 qui
1459 1307 1490 1346 si
1518 1322 1612 1347 erra-

349 1394 437 1420 vero
468 1381 581 1419 velim
611 1381 762 1420 meliora
791 1394 849 1419 me
879 1380 1021 1419 doceat.

403 1453 530 1493 Litera
568 1460 599 1492 X
650 1455 711 1493 cui
760 1453 965 1506 implexum
1009 1457 1065 1491 est
1102 1467 1119 1501 ρ
1158 1454 1343 1505 significat
1383 1454 1513 1503 χρόνος
1554 1454 1613 1493 vel

349 1527 506 1575 χριστὸς
533 1526 590 1565 vel
612 1527 753 1575 χρυσὸς
778 1526 836 1564 vel
857 1525 1135 1574 χρυσόστομος.
1181 1526 1420 1566 Confusionis
1448 1527 1613 1579 exempla

350 1612 430 1637 rara
465 1603 553 1637 sunt
580 1603 620 1637 at
647 1603 848 1637 occurrunt
877 1602 1018 1645 tamen,
1049 1598 1246 1649 singularis
1279 1599 1526 1644 οὶνκισθησιάς
1557 1600 1612 1638 in-

350 1671 459 1710 dicia.
517 1671 606 1710 Fuit
630 1685 664 1710 v.
682 1685 712 1710 c.
739 1671 804 1722 qui
829 1671 997 1709 Platonis
1022 1670 1142 1709 locum
1168 1685 1210 1710 ex
1230 1671 1322 1710 libro
1347 1672 1391 1710 de
1416 1673 1532 1724 Legg.
1549 1672 1611 1720 11,

350 1758 386 1796 p.
418 1745 494 1783 672
513 1744 555 1783 C.
585 1743 637 1782 ita
670 1744 807 1796 legeret
829 1745 877 1795 2);
910 1744 946 1781 ἐν
977 1743 1097 1791 τούτῳ
1127 1744 1168 1788 δὴ
1198 1747 1249 1793 τῷ
1281 1746 1612 1794 χρυσοστόμῳ

297 1818 299 1820 ’
350 1813 431 1865 ἐνῷ
457 1814 571 1863 μήπω
603 1818 785 1861 κέκτηται
815 1819 882 1860 τὴν
912 1817 1051 1856 οἰκείαν
1082 1818 1272 1866 Φρόνησιν.
1334 1820 1508 1858 Eiusdem
1535 1825 1614 1858 erat

351 1889 473 1942 paullo
512 1889 607 1929 infra
641 1903 807 1929 exarare:
850 1889 1198 1939 χρυσόστομος
1240 1891 1316 1941 γὰρ
1361 1893 1400 1931 οὐ
1445 1891 1611 1932 διδάσκει

351 1963 529 2011 φρόνησιν
560 1963 668 2001 ἀλλὰ
698 1964 814 2011 Φύσις
848 1965 911 2002 καὶ
945 1966 1025 2012 ὀρθὴ
1057 1965 1214 2004 δίαιται]

406 2036 545 2076 Crebro
589 2035 727 2075 hbrarii
779 2040 938 2076 utuntur
985 2042 1074 2076 nota
1123 2038 1281 2089 quadam
1329 2022 1615 2090 tachygrapliica

353 2121 447 2158 quae
490 2108 551 2145 hic
594 2107 693 2159 typis
736 2109 999 2159 repraesentari
1043 2123 1114 2147 non
1159 2114 1292 2161 potest.
1352 2110 1508 2149 Ponitur
1548 2124 1614 2162 pro

400 2308 423 2348 ¹)
458 2306 558 2339 Metri
582 2317 681 2339 causa
704 2306 744 2340 cf.
769 2318 794 2340 c.
811 2318 838 2341 c.
863 2307 977 2351 Eurip.
1001 2307 1116 2342 Troad.
1141 2320 1172 2342 v.
1196 2309 1275 2341 501:

581 2362 719 2395 πέπλων
748 2361 945 2404 λακίσματ’
970 2361 1107 2404 ἀδόκιμ’
1128 2363 1259 2405 ὀλβίοις
1284 2363 1390 2407 ἔχειν.

398 2417 423 2459 ¹·’-)
460 2416 501 2449 In
524 2416 713 2460 Appendice
736 2417 881 2451 Florent.
904 2417 1024 2452 Parall.
1049 2418 1136 2451 Sacr.
1160 2417 1209 2452 Io.
1226 2418 1376 2453 Damaso.
1398 2431 1416 2452 a
1434 2420 1617 2455 Gaisfordio

355 2468 446 2504 Stob.
463 2468 575 2505 Floril.
599 2468 747 2504 subiecto
769 2481 800 2514 p.
824 2471 862 2510 4,
886 2481 903 2505 c
926 2473 959 2505 et
982 2482 1014 2515 p.
1031 2472 1091 2513 14,
1111 2483 1137 2506 r.
1164 2471 1212 2505 Cf.
1230 2471 1308 2507 Cob.
1322 2472 1503 2508 var.Lect.
1516 2486 1548 2518 p.
1564 2476 1617 2510 14.
