1937 3075
1006 251 1053 290 10

393 383 538 420 attento
576 380 705 420 lectori
746 379 793 419 ad
833 380 929 420 clare
970 377 1240 433 dispiciendum
1282 381 1374 434 quid
1414 382 1455 421 in
1498 381 1655 421 vetustis

393 452 616 492 membranis
657 452 830 501 ἀκέραιον
874 452 1081 505 profectum
1123 453 1174 492 sit
1211 453 1257 493 ab
1294 453 1385 507 ipsis
1423 453 1580 494 Ionibus
1617 457 1655 493 et

394 524 558 572 Atticis,
586 525 679 577 quid
707 528 890 564 corrector
916 524 1045 564 multis
1079 529 1166 578 post
1194 526 1352 566 saeculis
1378 540 1447 566 suo
1474 526 1654 566 arbitratu

392 597 604 637 mutaverit.
641 597 810 637 Tertium
838 596 998 649 denique
1026 602 1082 636 est
1107 597 1259 637 foedum
1283 599 1513 652 corruptelae
1539 613 1656 652 genus

393 669 495 720 quod
528 683 550 707 a
585 669 715 722 paucis
753 669 959 708 editoribus
996 669 1293 710 animadversum
1330 670 1377 710 ad
1413 671 1512 724 hunc
1540 684 1657 723 usque

393 742 494 781 diem
519 741 876 794 praestantissimum
902 755 1087 793 quemque
1110 743 1326 795 scriptorem
1348 743 1540 783 deformat.
1579 744 1656 784 Soi-

392 814 482 853 licet
509 828 530 853 e
559 814 731 853 codicum
768 813 998 865 marginibus
1035 814 1076 852 in
1109 819 1255 853 textum
1282 815 1508 866 irrepserunt
1537 815 1657 854 variae

392 887 575 926 lectorum
604 886 872 938 explicationes
899 890 938 925 et
960 886 1233 926 observationes
1257 900 1350 937 quas
1380 886 1518 938 ubique
1547 886 1656 925 ascri·

393 957 479 998 bere
508 958 567 998 vel
586 958 858 1011 suprascribere
885 957 1062 999 solebant.
1120 958 1207 1008 Quo
1232 958 1273 998 in
1302 973 1436 1011 genere
1465 959 1536 999 etsi
1556 959 1658 998 haud

393 1045 475 1071 raro
504 1031 701 1071 meliorum
729 1030 910 1071 librorum
939 1030 1090 1070 collatio
1127 1031 1249 1070 doctis
1275 1031 1510 1084 indoctisque
1537 1035 1658 1071 osten-

393 1104 452 1143 dit
491 1104 584 1156 quid
622 1104 716 1143 male
758 1104 930 1143 alicunde
972 1104 1102 1156 pedem
1145 1104 1333 1154 intulerit,
1376 1105 1492 1145 multa
1533 1109 1658 1145 tamen

393 1180 484 1216 sunt
510 1177 651 1216 scholia
678 1181 717 1216 et
745 1175 962 1216 emblemata
989 1176 1160 1216 omnibus
1188 1176 1291 1216 libris
1317 1175 1435 1226 MSS,
1465 1177 1531 1229 qui
1560 1179 1658 1217 aeta-

395 1253 471 1289 tem
508 1249 701 1298 tulerunt,
739 1249 973 1300 antiquiora,
1012 1263 1106 1300 quae
1144 1249 1254 1288 certis
1282 1249 1432 1289 indiciis
1460 1249 1658 1301 deprehen·

395 1321 481 1361 dere
523 1336 566 1361 ac
607 1322 720 1361 semel
761 1321 989 1374 deprehensa
1029 1321 1148 1373 ipsius
1194 1322 1388 1374 scriptoris
1435 1322 1659 1362 auctoritate

396 1394 574 1434 audacter
600 1407 811 1447 expungere
838 1407 974 1434 munus
1012 1398 1070 1433 est
1105 1394 1288 1446 ingeniosi
1327 1394 1461 1434 critici.
1518 1396 1572 1434 At
1598 1408 1657 1434 res

395 1470 453 1507 est
479 1466 620 1507 lubrica
647 1470 685 1506 et
720 1465 831 1506 multi
868 1465 999 1505 iudicii
1007 1481 1018 1514 ς
1057 1465 1231 1518 quocirca
1262 1466 1468 1507 cavendum
1500 1481 1546 1507 ne
1573 1466 1657 1507 illo-

396 1540 445 1579 tis
473 1539 646 1579 manibus
674 1539 766 1578 haec
794 1552 896 1578 sacra
924 1541 1174 1578 attrectemus,

450 1612 597 1653 Horum
632 1626 675 1652 ac
709 1611 886 1651 similium
915 1610 1094 1651 vitiorum
1132 1611 1315 1664 permulta
1352 1612 1426 1652 iam
1454 1617 1555 1652 certa
1583 1626 1656 1652 me-

396 1685 481 1724 dela
503 1684 648 1724 sublata
671 1697 749 1723 esse
778 1684 876 1723 inter
902 1697 1029 1722 omnes
1050 1683 1182 1722 harum
1206 1697 1325 1722 rerum
1348 1684 1494 1723 iudjces
1513 1684 1657 1736 liquido

397 1761 564 1805 constat;
594 1757 667 1797 alia
696 1760 820 1796 autem
847 1756 1008 1808 plurima
1035 1770 1193 1807 quorum
1222 1759 1259 1795 et
1289 1756 1410 1796 facilis
1438 1761 1476 1796 et
1507 1756 1658 1796 evidens

397 1833 493 1869 osset
517 1828 748 1876 emendatio,
778 1827 817 1866 in
846 1826 1041 1866 tritissimo
1071 1827 1279 1867 studiorum
1318 1841 1452 1880 genere
1489 1827 1537 1867 ad
1565 1828 1659 1868 hanc

397 1905 556 1941 aetatem
593 1901 693 1941 viros
724 1900 853 1940 doctos
890 1900 1004 1939 latere
1045 1900 1232 1951 potuisse,
1270 1901 1339 1939 etsi
1373 1905 1462 1939 sunt
1495 1901 1560 1951 qui
1598 1915 1660 1939 ne-

397 1977 510 2026 gent,
558 1986 627 2026 ego
678 1975 803 2012 tamen
846 1986 914 2025 pro
963 1975 1063 2011 certo
1112 1972 1291 2011 affirmare
1340 1972 1466 2012 nullus
1517 1972 1658 2013 dubito.

398 2047 449 2085 Et
483 2059 572 2085 sane
615 2059 716 2093 anon
761 2045 906 2087 omnia,
935 2048 1132 2096 possumus
1174 2043 1325 2082 omnes”
1361 2048 1407 2082 ut
1445 2045 1543 2096 apud
1579 2055 1689 2096 poe-·

399 2122 476 2158 tam
513 2122 569 2158 est
607 2118 672 2157 sed
707 2117 917 2157 inventuris
959 2131 1036 2157 non
1082 2116 1231 2156 obstant
1273 2117 1435 2156 inventa.
1490 2116 1662 2156 Concedo

399 2195 610 2243 temporum
639 2190 907 2242 hominumque
936 2189 1074 2229 iniuria
1100 2192 1175 2228 tam
1204 2188 1327 2228 densis
1355 2188 1517 2229 tenebris
1544 2189 1662 2242 premi

400 2263 576 2302 nonnulla
623 2267 666 2301 ut
717 2275 862 2314 semper
908 2262 1013 2300 irrita
1062 2262 1112 2299 sit
1157 2261 1281 2300 futura
1328 2261 1404 2300 veri
1451 2262 1662 2302 inveniendi

401 2348 507 2388 spes:

548 2427 670 2475 Neque
696 2430 746 2462 est
771 2427 808 2461 in
832 2425 965 2461 medico
991 2437 1120 2473 semper
1145 2426 1310 2461 relevetur
1335 2429 1374 2461 ut
1399 2438 1497 2473 aeger

549 2489 728 2525 Interdum
754 2488 854 2523 docta
879 2488 956 2534 plus
981 2488 1072 2523 valet
1096 2490 1166 2523 arte
1191 2488 1328 2522 malum.
