1937 3075
885 255 935 293 85

290 382 405 421 αὐτὸν
445 383 509 422 ὑπ’
534 382 664 423 ἄλλων
696 387 770 434 οὐχ
807 386 870 423 ὑπ’
906 384 1050 423 ἐκείνων
1091 382 1177 422 ἔδει.
1233 381 1369 420 Editur
1395 383 1541 419 tamen:

290 469 344 494 πε
354 470 372 505 ρ
382 470 392 495 ι
403 458 640 506 πεμφθῆναι.

344 529 475 569 Paullo
517 530 614 569 infra
654 531 702 569 ad
742 545 778 570 v.
809 532 906 570 215:
952 531 1046 568 ἀλλ’
1078 528 1155 576 ἄγε
1192 529 1234 573 δὴ
1275 527 1328 566 τα
1367 526 1541 576 χρήματ’

291 601 502 654 ἀριθμήσω]
534 603 608 651 οὐχ
643 603 689 646 ὥς
722 602 969 652 μικρολόγος,
1011 603 1103 641 ἀλλ’
1129 602 1170 640 ἐκ
1208 601 1341 640 τούτου
1380 614 1543 648 τεκμαι-

222 687 225 690 ⁴
291 672 441 722 ρόμενος
479 675 509 712 εἰ
539 674 603 712 καὶ
637 675 741 723 περὶ
774 676 841 719 τὴν
871 675 1031 722 ἀγωγὴν
1058 678 1127 718 τῆς
1157 673 1335 721 πατρίδος
1366 672 1546 717 ἠδίκησαν

293 745 420 786 αὐτόν.
479 746 537 787 Tu
564 761 708 787 mecum
737 748 880 803 corrige
908 748 1041 798 παρὰ
1071 749 1139 794 τὴν
1168 747 1342 796 ἀγωγήν.

348 821 539 874 Aristoph.
576 822 669 862 Ran.
708 837 743 862 v,
776 825 878 863 1068
916 836 999 863 cum
1033 823 1210 862 Piersono
1238 821 1284 861 ad
1310 820 1430 860 Moer.
1462 834 1547 873 pag.

294 895 386 934 416.
416 909 461 934 ex
488 894 579 935 Cod.
606 895 729 936 Vatic.
758 896 1011 949 recipiendum
1040 901 1112 936 est:

295 993 366 1033 κᾶν
385 998 514 1034 ταῦτα
533 995 656 1043 λέγων
677 996 924 1047 ἐξαπατήσῃ,
957 998 1059 1047 περὶ
1089 997 1174 1040 τοὺς
1202 997 1312 1045 ἰχθῦς
1342 996 1549 1044 ἀνέκυψεν.

349 1104 453 1142 Idem
487 1104 599 1142 habet
627 1105 868 1154 Scholiastes,
905 1107 969 1156 qui
1006 1107 1134 1145 laudat
1162 1106 1396 1157 Eupolidem.
1454 1105 1545 1143 Vul-

295 1179 419 1227 gatam
447 1176 642 1216 lectionem
670 1182 797 1217 tuetur
824 1178 1027 1218 Dobraeus.

351 1247 396 1286 In
407 1248 573 1287 Platonis
586 1249 766 1302 Symposio
774 1264 810 1302 p.
823 1253 896 1289 221
913 1252 956 1290 Β.
968 1250 1133 1290 Socrates
1148 1250 1359 1302 depingitur
1367 1250 1407 1289 in
1421 1263 1547 1302 pugna

296 1321 395 1373 apud
410 1321 623 1361 Potidaeam
649 1323 796 1372 ῃῆρέμα
824 1339 910 1373 παρ
924 1326 1099 1363 ασκοπῶν
1122 1323 1186 1362 καὶ
1210 1324 1295 1367 τοὺς
1319 1323 1454 1371 cpiam
1483 1322 1546 1360 καὶ

296 1395 381 1437 τοὺς
411 1395 657 1441 mmmm?
695 1397 844 1435 Temere
873 1398 1002 1436 Astius
1033 1397 1281 1448 adstipulante
1309 1395 1546 1434 Hermanno:

294 1471 589 1515 περισκοπῶν;
621 1481 711 1520 quos
739 1469 871 1508 merito
904 1483 976 1509 non
1012 1473 1158 1508 secutus
1186 1472 1243 1508 est
1270 1467 1549 1507 Stallbaumius.

349 1541 539 1579 Praeterea
578 1542 684 1589 παρα
715 1547 752 1579 et
781 1542 885 1590 περὶ,
925 1543 993 1590 πρὸ
1024 1546 1061 1580 et
1096 1542 1185 1589 πρὸς
1214 1541 1374 1579 invicem
1402 1554 1548 1592 permu-

293 1616 420 1651 tantur
459 1614 556 1664 (cum
595 1612 671 1652 ἀπὸ
712 1618 749 1653 et
785 1615 847 1653 ἐπὶ
879 1615 964 1654 vide
997 1615 1137 1667 supra).
1193 1614 1305 1662 Quod
1332 1617 1456 1652 tamen
1485 1612 1550 1651 ali-

294 1688 434 1735 quanto
462 1686 581 1725 rarius
609 1687 779 1739 reperias,

347 1757 523 1809 Exemplo
566 1760 615 1797 sit
657 1759 761 1797 locus
808 1760 846 1797 in
894 1759 1068 1810 Xenoph.
1110 1759 1308 1797 Memorab.
1347 1758 1384 1806 I,
1428 1760 1448 1809 ᾧ
1481 1760 1545 1796 22.

294 1828 358 1878 ὁρῶ
400 1828 435 1868 δὲ
476 1830 540 1869 καὶ
580 1830 665 1875 τοὺς
707 1831 758 1875 εἷς
798 1831 1032 1880 Φιλοποσιάν
1068 1829 1367 1880 παραχθέντας
1413 1829 1546 1882 (Oodd.

293 1903 601 1953 προαχθέντας)
632 1919 716 1941 κ.τ.
733 1914 769 1942 λ.
802 1905 867 1943 ubi
895 1919 1044 1942 manum
1067 1904 1256 1955 scriptoris
1284 1903 1451 1941 restituit
1477 1902 1545 1940 Co·

293 1973 400 2013 betus
430 1973 547 2026 (Nov.
577 1976 679 2016 Leet.
708 1992 745 2029 p.
768 1978 873 2028 685).
930 1976 1036 2016 Idem
1064 1976 1189 2016 eadem
1220 1990 1329 2028 opera
1357 1979 1482 2015 monet
1503 1975 1547 2014 de

293 2045 485 2086 Demosth.
515 2048 684 2087 Prooem.
715 2063 798 2100 pag.
832 2051 935 2088 1458
966 2049 1092 2100 steph.
1123 2049 1188 2087 ubi
1218 2049 1371 2087 confusa
1403 2047 1546 2085 videbis

293 2118 511 2166 προάγειν,
540 2121 695 2160 incitare
722 2126 760 2160 et
788 2122 978 2170 παράγειν
1008 2123 1047 2160 in
1064 2123 1245 2174 fraudem
1273 2122 1454 2159 inducere.

295 2190 377 2236 ὑπὸ
416 2196 453 2230 et
491 2192 597 2240 ὑπὲρ
642 2198 867 2233 commutata
910 2198 1013 2241 sunt,
1058 2198 1100 2232 ut
1143 2193 1297 2245 passim,
1341 2194 1380 2230 in
1416 2192 1545 2243 Eurip.

293 2262 386 2303 Hec.
416 2278 453 2303 v.
484 2266 574 2304 665.

511 2336 574 2375 καὶ
604 2338 677 2384 μὴν
707 2339 860 2386 περῶσα
889 2337 1080 2386 τυγχάνει
1112 2336 1230 2385 δόμων
1263 2338 1352 2386 ὑπὲρ

514 2408 589 2454 ἥδε.

292 2481 356 2521 ubi
386 2482 540 2522 Codices
570 2483 737 2522 nonnulli
766 2483 941 2523 exhibent
969 2484 1045 2522 ἀπὸ
1076 2489 1114 2523 et
1144 2485 1243 2522 ὑπό.
