1937 3075
951 291 1002 328 19

355 425 393 461 et
420 421 605 462 Adrianus
639 418 808 472 Heringa
842 418 966 467 ἰατρὸς
998 418 1089 467 ἀνὴρ
1127 419 1313 471 plerisque
1339 420 1497 460 literatis
1524 420 1606 460 lite-

354 494 468 533 ratior
496 492 619 544 (Obss.
649 492 741 531 Orit.
770 490 860 542 Cap.
890 490 948 542 II)
976 490 1043 529 ubi
1072 490 1167 530 vide.

410 567 463 605 At
499 579 546 605 ne
578 567 724 604 nostros
759 562 928 602 homines
968 576 1055 614 prae
1092 563 1279 603 veteribus
1321 564 1395 603 illis
1433 564 1608 604 heroibus

355 650 523 690 spernere
552 637 689 685 videar,
722 635 826 674 iuvat
861 647 1044 687 apponere
1085 634 1179 674 duos
1215 634 1314 675 locos
1348 634 1609 688 Thucydideos

357 723 450 759 quos
496 711 731 746 correxerunt
771 707 1014 758 Pluygersius
1059 711 1096 744 et
1142 706 1410 745 Herwerdenus
1452 719 1513 746 vv.
1555 720 1610 745 cc.

356 780 494 820 Videat
520 780 601 834 ipse
627 779 744 819 lector
772 778 938 819 eruditus
971 793 1018 818 an
1045 793 1123 818 rem
1156 792 1226 819 acu
1254 779 1458 832 tetigerint.

410 853 526 893 Thuc.
555 853 595 901 Ι,
626 854 695 891 61:
725 851 932 891 -ἔπειτα
957 850 1244 891 ἀπανίστανται
1275 853 1316 891 ἐκ
1343 856 1411 898 τῆς
1436 852 1613 891 Μακεδο-

358 926 439 971 νίας
460 926 524 966 καὶ
549 925 773 975 ἀφικόμενοι
797 926 834 970 ἐς
858 925 1008 975 Βέροιαν
1027 925 1200 965 κάκεῖθεν
1225 925 1527 976 ἐπιστρέψαντες
1547 925 1612 964 καὶ

359 999 612 1049 πειρασαντες
637 1002 779 1048 πρῶτον
797 1001 863 1038 τοῦ
882 998 1019 1048 χωρίου
1043 998 1108 1037 καὶ
1135 999 1209 1048 οὐχ
1228 998 1378 1043 ἑλόντες
1398 999 1614 1048 ἐπορεύοντο

360 1072 462 1110 κατὰ
498 1075 571 1118 γῆν
602 1072 692 1120 πρὸς
722 1072 788 1115 τὴν
824 1070 1044 1109 Ποτίδαιαν.
1104 1071 1244 1110 Suadet
1271 1071 1513 1124 Pluygersius
1543 1071 1613 1110 uo}-

360 1146 477 1184 κεῖθεν
508 1145 568 1183 ἐπὶ
600 1144 795 1193 Στρέψαν.
835 1143 985 1196 (syllaba
1012 1158 1075 1187 τες
1106 1144 1231 1184 addita
1259 1148 1315 1183 est
1343 1158 1364 1183 a
1392 1143 1522 1184 scribis
1550 1144 1617 1195 qui

359 1231 436 1256 non
463 1217 657 1269 capiebant
685 1217 786 1256 istud
814 1217 1080 1268 ἐπιστρεψαν.)

413 1289 530 1330 Thuc.
558 1289 644 1338 III,
682 1291 730 1329 52
770 1289 809 1329 in
838 1290 931 1329 fine:
962 1313 1015 1320 —
1034 1290 1065 1328 οἱ
1106 1289 1138 1329 δ’
1162 1288 1318 1337 ἔλεγον,
1362 1289 1613 1338 αἰτησάμενοι

361 1361 579 1411 μακρότερα
608 1363 727 1401 εἰπεῖν
760 1362 824 1400 καὶ
854 1361 1143 1411 προστάξαντες
1177 1365 1284 1412 σφῶν
1323 1363 1446 1402 αὐτῶν
1471 1361 1612 1402 Ἀστύ-

361 1434 493 1483 μαχόν
525 1450 569 1473 τε
603 1435 666 1474 τὸν
695 1435 944 1474 Ἀσωπολοέου
974 1435 1038 1474 καὶ
1069 1435 1238 1475 Λάκωνα
1269 1436 1332 1475 τὸν
1363 1435 1615 1484 Ἀειμνήστου

362 1507 535 1557 πρόξενον
558 1507 647 1547 ὄντα
668 1508 977 1556 Λακεδαιμονίων
996 1508 1060 1548 καὶ
1082 1508 1303 1553 ἐπελθόντες
1323 1507 1455 1557 ἔλεγον
1474 1508 1616 1549 τοιάδε.

362 1580 630 1620 Herwerdenus
651 1581 692 1620 in
719 1580 1009 1633 Stud.Thucyd.
1038 1596 1075 1633 p.
1100 1584 1171 1621 44:
1202 1583 1232 1620 οἱ
1265 1582 1308 1620 δὲ
1338 1581 1478 1628 λόγον
1508 1582 1618 1626 αἰτη-

364 1652 519 1702 σάμενοι
563 1652 791 1703 μακρότερον
835 1655 953 1694 εἰπεῖν
989 1677 1043 1685 —
1078 1654 1173 1707 (καὶ)
1219 1654 1440 1700 ἐπελθόντες
1483 1654 1616 1703 ἔλεγον

364 1726 503 1765 τοιοίδε.

418 1800 560 1839 Ultimo
593 1800 758 1853 exemplo
793 1804 876 1840 utar
906 1801 1179 1841 evidentissima
1216 1801 1429 1842 coniectura
1456 1801 1619 1842 Dobraei

367 1874 419 1925 (in
450 1873 624 1912 Adverss.
653 1873 714 1922 II,
743 1887 780 1925 p.
805 1874 898 1925 341)
922 1874 1016 1912 miro
1041 1874 1203 1925 quodam
1227 1887 1314 1913 casu
1336 1887 1454 1927 nuper
1477 1888 1499 1913 a
1526 1873 1621 1913 Mei-

366 1945 476 1984 nekio
504 1946 673 1998 neglecta
701 1945 741 1984 in
761 1943 946 1985 Athenaei
973 1946 1137 1985 editione
1160 1946 1426 1986 Teubneriana.
1464 1946 1512 1985 In
1533 1951 1622 1985 noto

367 2017 573 2070 fragmento
611 2017 780 2058 Anaxilai
826 2018 977 2070 (Athen.
1017 2018 1139 2068 XIII,
1180 2020 1277 2068 558,
1314 2019 1353 2071 b)
1396 2032 1622 2060 summorum

368 2091 532 2130 virorum
566 2090 728 2130 sollertia
761 2090 836 2130 iam
872 2094 1018 2131 tantum
1055 2104 1131 2130 non
1163 2091 1204 2130 in
1238 2091 1423 2144 integrum
1451 2091 1624 2132 restituto

369 2162 459 2202 haec
486 2162 617 2203 vitiata
645 2166 753 2204 sunt:

425 2265 456 2303 οἱ
487 2263 638 2314 Σινώπῃ
666 2263 699 2302 δ’
717 2259 766 2302 αὖ
794 2261 1071 2312 συνόντεςούχ
1102 2261 1193 2314 ὕδρα
1221 2263 1361 2303 σύνεισι
1392 2265 1477 2310 urm

426 2340 548 2386 γραῦς
578 2337 648 2384 μὲν
677 2336 796 2383 αὕτη,
825 2336 1088 2386 παραπέφυκε
1117 2337 1188 2382 δ’ἧ
1217 2336 1410 2377 Γνάθαινα
1439 2339 1599 2385 πλησίον

428 2411 481 2454 ὥς
511 2409 570 2449 τα
599 2409 753 2449 πολλοί
783 2411 823 2458 γ’
844 2410 930 2450 εἰσὶ
960 2409 1106 2456 ταύτης
1136 2409 1217 2450 ἔστι
1243 2411 1444 2451 διπλάσιον
1469 2411 1598 2452 κακόν.

427 2514 505 2555 Ubi
532 2515 659 2567 procul
688 2515 802 2555 dubio
832 2528 983 2555 manum
1011 2519 1140 2568 poetae
1167 2516 1306 2568 reperit
1333 2516 1544 2556 Dobraeus:

1427 2588 1470 2616 2³1-
