2750 3399
1428 415 1451 452 8

808 544 1019 597 pitudinem
1041 544 1166 584 inurat
1187 543 1372 584 universis
1390 543 1618 597 disciplinis,
1646 545 1701 584 ita
1719 547 1764 584 ut
1787 557 1881 597 quae
1904 543 1951 583 ab
1974 556 2065 583 uno·

811 631 958 670 quoque
985 617 1084 657 inter
1106 631 1249 657 summa
1276 617 1374 657 bona
1402 622 1524 657 essent
1552 618 1720 658 habenda
1747 632 1790 658 ea
1817 630 1916 657 nunc
1942 615 2065 669 paullo

808 689 1076 729 infirmioribus
1106 690 1247 742 (quales
1275 690 1385 729 multi
1413 691 1514 742 sunt)
1544 704 1694 742 prorsus
1723 704 1893 742 perversa
1918 689 2067 729 videan-

810 766 872 801 tur
904 765 943 801 et
971 763 1123 801 omnino
1151 762 1369 802 abiicienda.
1425 763 1573 802 Bonum
1603 763 1740 802 factum
1769 763 1869 814 quod
1897 762 1975 801 dies
1994 763 2067 801 .ho-

810 834 953 874 minum
982 838 1190 874 commenta
1214 835 1328 874 delet:
1358 849 1433 887 quo
1457 835 1672 875 absurdiora
1694 849 1737 875 eo
1766 835 1914 875 certius.
1960 834 2067 874 Hanc

810 908 930 960 igitur
962 908 1136 947 eximiam
1175 908 1351 960 temporis
1386 908 1609 947 medicinam
1641 907 1740 947 bono
1767 908 1892 947 animo
1921 920 2067 959 exspec-

810 984 946 1020 tamus.

865 1053 926 1092 Ab
960 1057 1019 1093 tot
1056 1054 1268 1106 ineptorum
1304 1054 1515 1107 arrogantia
1555 1059 1668 1105 atque
1703 1053 1852 1092 levitate
1888 1056 2068 1103 quantum

808 1126 933 1165 differt
970 1127 1154 1165 doctorum
1190 1127 1349 1178 flagrans
1382 1126 1443 1165 ille
1478 1126 1647 1165 veritatis
1685 1138 1787 1164 amor
1828 1124 2070 1174 studiumque

810 1197 1037 1237 indefessum
1079 1212 1164 1237 cum
1211 1198 1362 1238 amabili
1405 1197 1584 1237 modestia
1627 1197 1867 1236 coniunctum
1910 1196 2070 1248 primum

811 1269 936 1309 omnia
964 1283 1049 1309 cum
1072 1270 1283 1322 pulvisculo
1312 1270 1548 1318 excutiendi,
1581 1269 1715 1309 deinde
1756 1269 1820 1309 diu
1848 1273 1886 1308 et
1913 1269 2072 1308 multum

809 1342 1061 1393 perpendendi
1085 1346 1128 1380 ut
1155 1342 1209 1381 sic
1230 1342 1379 1381 demum
1399 1342 1514 1381 firmis
1538 1342 1788 1380 fundamentis
1818 1345 2073 1393 superstruant

810 1414 928 1454 solida
956 1418 994 1454 et
1027 1415 1213 1455 duratura.
1271 1415 1380 1455 Hanc
1410 1416 1550 1468 regiam
1580 1416 1680 1454 viam
1708 1415 1925 1454 institerunt
1955 1415 2073 1467 philo-

812 1487 984 1538 logorum
1017 1488 1252 1526 admirabiles
1278 1487 1332 1526 illi
1360 1489 1565 1540 principes,
1594 1488 1774 1536 δαιμόνιοι
1803 1487 1931 1536 ἄνδρες
1940 1519 1951 1537 ,
1983 1502 2074 1539 quos

814 1559 974 1611 protulit
1004 1559 1142 1611 Anglia
1171 1560 1355 1611 imprimis
1383 1565 1421 1598 et
1458 1560 1577 1612 patria
1610 1565 1748 1599 nostra.
1804 1561 1973 1609 Quorum
2001 1560 2074 1598 sin-

815 1631 937 1682 gulari
971 1631 1159 1680 εὐστοχίᾳ
1198 1636 1235 1670 et
1268 1632 1405 1683 insigni
1443 1632 1626 1670 industria
1661 1633 1801 1671 factum
1840 1636 1882 1670 ut
1911 1636 2074 1671 veterum

815 1704 1060 1755 scriptorum,
1104 1704 1316 1755 praesertim
1355 1703 1582 1743 Graecorum
1625 1703 1853 1752 emendatio,
1896 1704 1986 1743 olim
2015 1704 2075 1742 vel

816 1776 1118 1829 ingeniosissimo
1147 1777 1281 1827 cuique
1310 1776 1535 1828 periculosae
1563 1777 1711 1829 plenum
1741 1791 1836 1829 opus
1864 1777 1980 1824 aleae,
2002 1776 2075 1815 iam

818 1853 965 1888 tantum
1001 1863 1075 1888 non
1114 1849 1153 1888 in
1190 1853 1325 1888 certam
1360 1854 1477 1887 artem
1512 1850 1659 1888 redacta
1697 1850 1745 1887 sit
1789 1863 1902 1900 seque
1942 1850 2023 1901 ipsa
2057 1864 2078 1888 a

819 1920 974 1959 crimine
1020 1920 1217 1960 effrenatae
1262 1921 1433 1960 licentiae
1483 1921 1657 1960 facillime
1702 1926 1864 1961 tueatur.
1929 1921 2079 1961 Etenim

822 1997 920 2032 recte
961 1994 1179 2033 iamdudum
1221 1994 1480 2032 intellexerunt
1509 1994 1578 2032 viri
1617 1995 1716 2032 docti
1755 2008 1865 2044 quam
1900 1995 2079 2033 rationem

822 2066 862 2104 in
891 2064 968 2104 suis
996 2065 1203 2118 disciplinis
1232 2070 1434 2117 sequantur
1463 2066 1608 2118 physici
1633 2071 1670 2105 et
1699 2066 1969 2115 mathematici,
1999 2082 2082 2107 ean-

825 2139 908 2177 dem
951 2139 1063 2177 etiam
1104 2139 1145 2176 in
1186 2139 1342 2177 historia
1384 2138 1647 2177 conscribenda
1687 2139 1877 2190 literisque
1919 2139 2084 2191 antiquis

824 2210 1051 2250 illustrandis
1079 2224 1192 2249 unam
1222 2225 1299 2250 esse
1327 2210 1495 2250 omnium
1524 2211 1714 2262 optimam.
1760 2211 2084 2259 Quemadmodum

827 2286 906 2321 tota
938 2296 1062 2321 rerum
1085 2286 1217 2321 natura
1245 2282 1390 2334 legibus
1418 2286 1565 2321 tenetur
1590 2282 1907 2330 immutabilibus,
1939 2284 2086 2321 fortuna

828 2356 974 2394 nullum
1002 2355 1127 2394 locum
1163 2354 1297 2403 habet,
1338 2355 1392 2393 sic
1427 2355 1526 2393 dicta
1554 2359 1590 2392 et
1619 2355 1718 2393 facta
1746 2355 1907 2392 humana
1940 2368 2088 2406 quoque

830 2428 910 2480 pari
938 2428 1156 2466 necessitate
1186 2427 1364 2466 inservire
1400 2426 1568 2465 videmus
1597 2426 1798 2477 eademque
1826 2439 1942 2477 usque
1970 2440 2089 2466 recur-

829 2514 920 2540 rere.
977 2500 1081 2549 Quae
1119 2514 1201 2538 cum
1241 2500 1295 2538 ita
1326 2500 1401 2539 sint
1429 2499 1554 2538 ubivis
1583 2500 1744 2550 primum
1774 2499 1940 2537 omnium
1970 2499 2090 2538 obser-

830 2573 949 2612 vanda
978 2576 1035 2611 est
1057 2572 1246 2624 analogia,
1278 2585 1351 2623 qua
1371 2572 1483 2611 semel
1504 2575 1694 2623 perspecta
1719 2571 1776 2609 vel
1798 2571 2093 2623 impeditissimis

830 2646 921 2683 locis
955 2645 1019 2683 lux
1049 2644 1147 2682 clara
1175 2643 1396 2694 necopinato
1430 2643 1644 2681 affunditur.
1704 2642 1813 2689 Quod
1847 2648 1888 2680 ut
1923 2644 2094 2681 universe
