<?xml version="1.0" encoding="UTF-8"?>
<!DOCTYPE html PUBLIC "-//W3C//DTD XHTML 1.0 Transitional//EN"
    "http://www.w3.org/TR/xhtml1/DTD/xhtml1-transitional.dtd">
<html xmlns="http://www.w3.org/1999/xhtml" xml:lang="en" lang="en">
 <head>
  <title>
</title>
<meta http-equiv="Content-Type" content="text/html;charset=utf-8" />
  <meta name='ocr-system' content='tesseract 3.04.00' />
  <meta name='ocr-capabilities' content='ocr_page ocr_carea ocr_par ocr_line ocrx_word'/>
</head>
<body>
  <div class='ocr_page' id='page_1' title='image "4737922_0021.png"; bbox 0 0 1937 3075; ppageno 0'>
   <div class='ocr_carea' id='block_1_1' title="bbox 990 272 1010 310">
    <p class='ocr_par' dir='ltr' id='par_1_1' title="bbox 990 272 1010 310">
     <span class='ocr_line' id='line_1_1' title="bbox 990 272 1010 310; baseline 0 0"><span class='ocrx_word' id='word_1_1' title='bbox 990 272 1010 310; x_wconf 84' lang='lat'><strong>7</strong></span> 
     </span>
    </p>
   </div>
   <div class='ocr_carea' id='block_1_2' title="bbox 361 395 1627 2542">
    <p class='ocr_par' dir='ltr' id='par_1_2' title="bbox 371 395 1624 737">
     <span class='ocr_line' id='line_1_2' title="bbox 373 395 1624 451; baseline -0.002 -13"><span class='ocrx_word' id='word_1_2' title='bbox 373 397 556 447; x_wconf 76' lang='lat' dir='ltr'><strong>salutant,</strong></span> <span class='ocrx_word' id='word_1_3' title='bbox 585 398 681 441; x_wconf 69' lang='lat' dir='ltr'><strong>hano</strong></span> <span class='ocrx_word' id='word_1_4' title='bbox 707 398 879 439; x_wconf 74' lang='lat' dir='ltr'><strong>laudibus</strong></span> <span class='ocrx_word' id='word_1_5' title='bbox 908 413 1015 440; x_wconf 85' lang='lat' dir='ltr'><strong>omne</strong></span> <span class='ocrx_word' id='word_1_6' title='bbox 1042 413 1158 451; x_wconf 86' lang='lat' dir='ltr'><strong>genus</strong></span> <span class='ocrx_word' id='word_1_7' title='bbox 1185 399 1402 439; x_wconf 74' lang='lat' dir='ltr'><strong>extollentes</strong></span> <span class='ocrx_word' id='word_1_8' title='bbox 1429 395 1624 437; x_wconf 80' lang='lat' dir='ltr'><strong>fastidium</strong></span> 
     </span>
     <span class='ocr_line' id='line_1_3' title="bbox 371 470 1621 521; baseline 0 -12"><span class='ocrx_word' id='word_1_9' title='bbox 371 481 499 521; x_wconf 76' lang='lat' dir='ltr'><strong>parere</strong></span> <span class='ocrx_word' id='word_1_10' title='bbox 538 470 839 521; x_wconf 75' lang='lat' dir='ltr'>prudentioribus</span> <span class='ocrx_word' id='word_1_11' title='bbox 878 484 952 510; x_wconf 87' lang='lat' dir='ltr'><strong>non</strong></span> <span class='ocrx_word' id='word_1_12' title='bbox 993 471 1190 517; x_wconf 83' lang='lat' dir='ltr'><strong>desinunt,</strong></span> <span class='ocrx_word' id='word_1_13' title='bbox 1235 471 1350 510; x_wconf 88' lang='lat' dir='ltr'><strong>huius</strong></span> <span class='ocrx_word' id='word_1_14' title='bbox 1391 470 1621 516; x_wconf 81' lang='lat' dir='ltr'><strong>libertatem,</strong></span> 
     </span>
     <span class='ocr_line' id='line_1_4' title="bbox 371 541 1624 595; baseline -0.001 -14"><span class='ocrx_word' id='word_1_15' title='bbox 371 542 648 591; x_wconf 82' lang='lat' dir='ltr'><strong>auctoritatem,</strong></span> <span class='ocrx_word' id='word_1_16' title='bbox 691 542 844 595; x_wconf 76' lang='lat' dir='ltr'><strong>gloriam</strong></span> <span class='ocrx_word' id='word_1_17' title='bbox 886 542 1088 584; x_wconf 89' lang='lat' dir='ltr'><strong>dummodo</strong></span> <span class='ocrx_word' id='word_1_18' title='bbox 1116 542 1319 592; x_wconf 80' lang='lat' dir='ltr'><strong>celebrent,</strong></span> <span class='ocrx_word' id='word_1_19' title='bbox 1360 556 1435 582; x_wconf 90' lang='lat' dir='ltr'><strong>non</strong></span> <span class='ocrx_word' id='word_1_20' title='bbox 1467 541 1624 594; x_wconf 84' lang='lat' dir='ltr'><strong>parcunt</strong></span> 
     </span>
     <span class='ocr_line' id='line_1_5' title="bbox 371 612 1622 667; baseline -0.001 -15"><span class='ocrx_word' id='word_1_21' title='bbox 371 614 541 665; x_wconf 80' lang='lat' dir='ltr'><strong>ampullis</strong></span> <span class='ocrx_word' id='word_1_22' title='bbox 579 619 616 654; x_wconf 86' lang='lat' dir='ltr'><strong>et</strong></span> <span class='ocrx_word' id='word_1_23' title='bbox 647 615 963 667; x_wconf 73' lang='lat' dir='ltr'><strong>sesquipedalibus</strong></span> <span class='ocrx_word' id='word_1_24' title='bbox 992 615 1126 654; x_wconf 87' lang='lat' dir='ltr'><strong>verbis.</strong></span> <span class='ocrx_word' id='word_1_25' title='bbox 1181 615 1326 666; x_wconf 81' lang='lat' dir='ltr'>Regnat</span> <span class='ocrx_word' id='word_1_26' title='bbox 1356 614 1395 653; x_wconf 90' lang='lat' dir='ltr'><strong>in</strong></span> <span class='ocrx_word' id='word_1_27' title='bbox 1426 614 1485 652; x_wconf 89' lang='lat' dir='ltr'><strong>his</strong></span> <span class='ocrx_word' id='word_1_28' title='bbox 1512 612 1622 652; x_wconf 86' lang='lat' dir='ltr'><strong>rebus</strong></span> 
     </span>
     <span class='ocr_line' id='line_1_6' title="bbox 371 686 820 737; baseline 0.004 -13"><span class='ocrx_word' id='word_1_29' title='bbox 371 698 520 736; x_wconf 87' lang='lat' dir='ltr'><strong>quoque</strong></span> <span class='ocrx_word' id='word_1_30' title='bbox 547 700 628 726; x_wconf 84' lang='lat' dir='ltr'><strong>mos</strong></span> <span class='ocrx_word' id='word_1_31' title='bbox 656 686 820 737; x_wconf 82' lang='lat' dir='ltr'><strong>quidam.</strong></span> 
     </span>
    </p>

    <p class='ocr_par' dir='ltr' id='par_1_3' title="bbox 361 746 1627 2542">
     <span class='ocr_line' id='line_1_7' title="bbox 425 746 1627 811; baseline -0.004 -13"><span class='ocrx_word' id='word_1_32' title='bbox 425 756 512 798; x_wconf 90' lang='lat' dir='ltr'><strong>Non</strong></span> <span class='ocrx_word' id='word_1_33' title='bbox 536 757 589 798; x_wconf 83' lang='lat' dir='ltr'><strong>ita</strong></span> <span class='ocrx_word' id='word_1_34' title='bbox 613 746 742 798; x_wconf 87' lang='lat' dir='ltr'><strong>multis</strong></span> <span class='ocrx_word' id='word_1_35' title='bbox 769 762 854 798; x_wconf 87' lang='lat' dir='ltr'><strong>ante</strong></span> <span class='ocrx_word' id='word_1_36' title='bbox 881 759 988 798; x_wconf 83' lang='lat' dir='ltr'><strong>annis</strong></span> <span class='ocrx_word' id='word_1_37' title='bbox 1015 758 1114 811; x_wconf 84' lang='lat' dir='ltr'><strong>apud</strong></span> <span class='ocrx_word' id='word_1_38' title='bbox 1142 760 1325 798; x_wconf 79' lang='lat' dir='ltr'><strong>nostrates</strong></span> <span class='ocrx_word' id='word_1_39' title='bbox 1357 756 1520 797; x_wconf 84' lang='lat' dir='ltr'><strong>solemne</strong></span> <span class='ocrx_word' id='word_1_40' title='bbox 1548 759 1627 794; x_wconf 83' lang='lat' dir='ltr'><strong>erat</strong></span> 
     </span>
     <span class='ocr_line' id='line_1_8' title="bbox 369 827 1626 882; baseline 0 -15"><span class='ocrx_word' id='word_1_41' title='bbox 369 828 531 881; x_wconf 83' lang='lat' dir='ltr'><strong>graviter</strong></span> <span class='ocrx_word' id='word_1_42' title='bbox 564 833 600 869; x_wconf 90' lang='lat' dir='ltr'><strong>et</strong></span> <span class='ocrx_word' id='word_1_43' title='bbox 628 834 753 870; x_wconf 85' lang='lat' dir='ltr'><strong>ornate</strong></span> <span class='ocrx_word' id='word_1_44' title='bbox 782 830 957 870; x_wconf 84' lang='lat' dir='ltr'><strong>disserere</strong></span> <span class='ocrx_word' id='word_1_45' title='bbox 994 831 1038 870; x_wconf 82' lang='lat' dir='ltr'><strong>de</strong></span> <span class='ocrx_word' id='word_1_46' title='bbox 1070 831 1150 870; x_wconf 81' lang='lat' dir='ltr'><strong>luce</strong></span> <span class='ocrx_word' id='word_1_47' title='bbox 1178 830 1219 869; x_wconf 73' lang='lat' dir='ltr'><strong>in</strong></span> <span class='ocrx_word' id='word_1_48' title='bbox 1247 843 1320 882; x_wconf 83' lang='lat' dir='ltr'><strong>qua</strong></span> <span class='ocrx_word' id='word_1_49' title='bbox 1351 842 1448 868; x_wconf 75' lang='lat' dir='ltr'><strong>nunc</strong></span> <span class='ocrx_word' id='word_1_50' title='bbox 1475 827 1626 868; x_wconf 63' lang='lat' dir='ltr'><strong>vivimus</strong></span> 
     </span>
     <span class='ocr_line' id='line_1_9' title="bbox 370 899 1627 952; baseline -0.003 -11"><span class='ocrx_word' id='word_1_51' title='bbox 370 906 408 941; x_wconf 84' lang='lat' dir='ltr'><strong>et</strong></span> <span class='ocrx_word' id='word_1_52' title='bbox 434 903 479 942; x_wconf 82' lang='lat' dir='ltr'><strong>de</strong></span> <span class='ocrx_word' id='word_1_53' title='bbox 496 904 731 951; x_wconf 70' lang='lat' dir='ltr'><strong>praestantia</strong></span> <span class='ocrx_word' id='word_1_54' title='bbox 753 904 863 942; x_wconf 72' lang='lat' dir='ltr'><strong>buius</strong></span> <span class='ocrx_word' id='word_1_55' title='bbox 888 904 1028 942; x_wconf 70' lang='lat' dir='ltr'><strong>saeculi</strong></span> <span class='ocrx_word' id='word_1_56' title='bbox 1051 907 1088 942; x_wconf 86' lang='lat' dir='ltr'><strong>et</strong></span> <span class='ocrx_word' id='word_1_57' title='bbox 1108 905 1152 942; x_wconf 85' lang='lat' dir='ltr'><strong>de</strong></span> <span class='ocrx_word' id='word_1_58' title='bbox 1178 903 1306 942; x_wconf 70' lang='lat' dir='ltr'><strong>eximio</strong></span> <span class='ocrx_word' id='word_1_59' title='bbox 1323 901 1442 952; x_wconf 78' lang='lat' dir='ltr'><strong>pretio</strong></span> <span class='ocrx_word' id='word_1_60' title='bbox 1473 899 1627 939; x_wconf 71' lang='lat' dir='ltr'><strong>hominis</strong></span> 
     </span>
     <span class='ocr_line' id='line_1_10' title="bbox 370 973 1624 1027; baseline -0.001 -16"><span class='ocrx_word' id='word_1_61' title='bbox 370 973 546 1013; x_wconf 70' lang='lat' dir='ltr'><strong>mortalis.</strong></span> <span class='ocrx_word' id='word_1_62' title='bbox 603 973 681 1013; x_wconf 84' lang='lat' dir='ltr'><strong>Iam</strong></span> <span class='ocrx_word' id='word_1_63' title='bbox 715 974 922 1027; x_wconf 79' lang='lat' dir='ltr'><strong>paullulum</strong></span> <span class='ocrx_word' id='word_1_64' title='bbox 961 975 1206 1015; x_wconf 72' lang='lat' dir='ltr'><strong>intermittere</strong></span> <span class='ocrx_word' id='word_1_65' title='bbox 1235 973 1359 1013; x_wconf 84' lang='lat' dir='ltr'><strong>futiles</strong></span> <span class='ocrx_word' id='word_1_66' title='bbox 1387 973 1478 1011; x_wconf 79' lang='lat' dir='ltr'><strong>istas</strong></span> <span class='ocrx_word' id='word_1_67' title='bbox 1505 984 1624 1023; x_wconf 82' lang='lat' dir='ltr'><strong>nugas</strong></span> 
     </span>
     <span class='ocr_line' id='line_1_11' title="bbox 369 1044 1623 1098; baseline 0 -16"><span class='ocrx_word' id='word_1_68' title='bbox 369 1045 458 1084; x_wconf 86' lang='lat' dir='ltr'><strong>laeti</strong></span> <span class='ocrx_word' id='word_1_69' title='bbox 493 1046 658 1086; x_wconf 82' lang='lat' dir='ltr'><strong>videmus</strong></span> <span class='ocrx_word' id='word_1_70' title='bbox 691 1047 754 1085; x_wconf 88' lang='lat' dir='ltr'><strong>sed</strong></span> <span class='ocrx_word' id='word_1_71' title='bbox 787 1047 878 1097; x_wconf 90' lang='lat' dir='ltr'><strong>quid</strong></span> <span class='ocrx_word' id='word_1_72' title='bbox 912 1047 1061 1098; x_wconf 88' lang='lat' dir='ltr'><strong>prodest</strong></span> <span class='ocrx_word' id='word_1_73' title='bbox 1100 1047 1132 1084; x_wconf 87' lang='lat' dir='ltr'><strong>si</strong></span> <span class='ocrx_word' id='word_1_74' title='bbox 1161 1047 1287 1085; x_wconf 78' lang='lat' dir='ltr'><strong>statim</strong></span> <span class='ocrx_word' id='word_1_75' title='bbox 1315 1059 1458 1085; x_wconf 85' lang='lat' dir='ltr'><strong>novum</strong></span> <span class='ocrx_word' id='word_1_76' title='bbox 1486 1044 1623 1084; x_wconf 82' lang='lat' dir='ltr'><strong>malum</strong></span> 
     </span>
     <span class='ocr_line' id='line_1_12' title="bbox 369 1115 1624 1171; baseline 0.001 -16"><span class='ocrx_word' id='word_1_77' title='bbox 369 1117 561 1168; x_wconf 81' lang='lat' dir='ltr'><strong>paratum?</strong></span> <span class='ocrx_word' id='word_1_78' title='bbox 617 1118 734 1171; x_wconf 84' lang='lat' dir='ltr'><strong>Finge</strong></span> <span class='ocrx_word' id='word_1_79' title='bbox 760 1120 948 1159; x_wconf 79' lang='lat' dir='ltr'><strong>Socratem</strong></span> <span class='ocrx_word' id='word_1_80' title='bbox 977 1118 1042 1159; x_wconf 66' lang='grc' dir='ltr'><strong>τὸν</strong></span> <span class='ocrx_word' id='word_1_81' title='bbox 1072 1118 1225 1168; x_wconf 56' lang='lat' dir='ltr'><strong>rheam,</strong></span> <span class='ocrx_word' id='word_1_82' title='bbox 1259 1118 1322 1158; x_wconf 80' lang='grc' dir='ltr'><strong>τὸν</strong></span> <span class='ocrx_word' id='word_1_83' title='bbox 1352 1117 1454 1158; x_wconf 73' lang='grc' dir='ltr'><em>οὐδὲν</em></span> <span class='ocrx_word' id='word_1_84' title='bbox 1473 1115 1624 1157; x_wconf 62' lang='lat' dir='ltr'><strong>vauro?-</strong></span> 
     </span>
     <span class='ocr_line' id='line_1_13' title="bbox 369 1189 1625 1231; baseline 0 -3"><span class='ocrx_word' id='word_1_85' title='bbox 369 1202 487 1229; x_wconf 76' lang='grc' dir='ltr'><strong>ποια-ιν</strong></span> <span class='ocrx_word' id='word_1_86' title='bbox 515 1189 641 1228; x_wconf 73' lang='grc' dir='ltr'>εἰδότα</span> <span class='ocrx_word' id='word_1_87' title='bbox 670 1190 853 1231; x_wconf 87' lang='lat' dir='ltr'><strong>divinitus</strong></span> <span class='ocrx_word' id='word_1_88' title='bbox 886 1191 933 1230; x_wconf 87' lang='lat' dir='ltr'><strong>ab</strong></span> <span class='ocrx_word' id='word_1_89' title='bbox 970 1192 1099 1231; x_wconf 83' lang='lat' dir='ltr'><strong>inferis</strong></span> <span class='ocrx_word' id='word_1_90' title='bbox 1133 1191 1337 1231; x_wconf 86' lang='lat' dir='ltr'><strong>excitatum</strong></span> <span class='ocrx_word' id='word_1_91' title='bbox 1370 1194 1429 1229; x_wconf 90' lang='lat' dir='ltr'><strong>tot</strong></span> <span class='ocrx_word' id='word_1_92' title='bbox 1460 1189 1625 1229; x_wconf 84' lang='lat' dir='ltr'><strong>saeculo-</strong></span> 
     </span>
     <span class='ocr_line' id='line_1_14' title="bbox 368 1262 1621 1314; baseline 0 -13"><span class='ocrx_word' id='word_1_93' title='bbox 368 1275 451 1302; x_wconf 88' lang='lat' dir='ltr'><strong>rum</strong></span> <span class='ocrx_word' id='word_1_94' title='bbox 473 1262 666 1303; x_wconf 86' lang='lat' dir='ltr'><strong>intervallo</strong></span> <span class='ocrx_word' id='word_1_95' title='bbox 688 1263 728 1302; x_wconf 90' lang='lat' dir='ltr'><strong>in</strong></span> <span class='ocrx_word' id='word_1_96' title='bbox 748 1263 843 1303; x_wconf 83' lang='lat' dir='ltr'><strong>hanc</strong></span> <span class='ocrx_word' id='word_1_97' title='bbox 870 1264 991 1303; x_wconf 89' lang='lat' dir='ltr'><strong>lucem</strong></span> <span class='ocrx_word' id='word_1_98' title='bbox 1014 1264 1185 1304; x_wconf 86' lang='lat' dir='ltr'><strong>rediisse:</strong></span> <span class='ocrx_word' id='word_1_99' title='bbox 1216 1278 1300 1303; x_wconf 90' lang='lat' dir='ltr'><strong>cum</strong></span> <span class='ocrx_word' id='word_1_100' title='bbox 1324 1264 1416 1303; x_wconf 83' lang='lat' dir='ltr'><strong>alios</strong></span> <span class='ocrx_word' id='word_1_101' title='bbox 1445 1262 1621 1314; x_wconf 83' lang='lat' dir='ltr'><strong>quosdam</strong></span> 
     </span>
     <span class='ocr_line' id='line_1_15' title="bbox 369 1333 1622 1388; baseline 0.001 -17"><span class='ocrx_word' id='word_1_102' title='bbox 369 1333 460 1372; x_wconf 86' lang='lat' dir='ltr'><strong>salse</strong></span> <span class='ocrx_word' id='word_1_103' title='bbox 487 1334 640 1382; x_wconf 86' lang='lat' dir='ltr'><strong>rideret,</strong></span> <span class='ocrx_word' id='word_1_104' title='bbox 669 1335 709 1373; x_wconf 92' lang='lat' dir='ltr'><strong>ni</strong></span> <span class='ocrx_word' id='word_1_105' title='bbox 737 1335 864 1383; x_wconf 89' lang='lat' dir='ltr'><strong>fallor,</strong></span> <span class='ocrx_word' id='word_1_106' title='bbox 903 1339 984 1374; x_wconf 91' lang='lat' dir='ltr'><strong>tum</strong></span> <span class='ocrx_word' id='word_1_107' title='bbox 1013 1336 1178 1388; x_wconf 80' lang='lat' dir='ltr'><strong>profecto</strong></span> <span class='ocrx_word' id='word_1_108' title='bbox 1211 1349 1310 1375; x_wconf 85' lang='lat' dir='ltr'><strong>more</strong></span> <span class='ocrx_word' id='word_1_109' title='bbox 1343 1348 1411 1374; x_wconf 87' lang='lat' dir='ltr'><strong>suo</strong></span> <span class='ocrx_word' id='word_1_110' title='bbox 1451 1336 1510 1386; x_wconf 90' lang='lat' dir='ltr'><strong>(ut</strong></span> <span class='ocrx_word' id='word_1_111' title='bbox 1535 1334 1622 1373; x_wconf 89' lang='lat' dir='ltr'><strong>olim</strong></span> 
     </span>
     <span class='ocr_line' id='line_1_16' title="bbox 368 1406 1622 1461; baseline 0.002 -17"><span class='ocrx_word' id='word_1_112' title='bbox 368 1406 422 1445; x_wconf 90' lang='lat' dir='ltr'><strong>sic</strong></span> <span class='ocrx_word' id='word_1_113' title='bbox 450 1408 564 1457; x_wconf 85' lang='lat' dir='ltr'><strong>nunc)</strong></span> <span class='ocrx_word' id='word_1_114' title='bbox 605 1421 732 1447; x_wconf 88' lang='lat' dir='ltr'><strong>eorum</strong></span> <span class='ocrx_word' id='word_1_115' title='bbox 771 1409 849 1447; x_wconf 88' lang='lat' dir='ltr'><strong>sive</strong></span> <span class='ocrx_word' id='word_1_116' title='bbox 892 1409 1140 1461; x_wconf 81' lang='lat' dir='ltr'><strong>arrogantiam</strong></span> <span class='ocrx_word' id='word_1_117' title='bbox 1178 1409 1257 1448; x_wconf 86' lang='lat' dir='ltr'><strong>sive</strong></span> <span class='ocrx_word' id='word_1_118' title='bbox 1291 1408 1472 1447; x_wconf 87' lang='lat' dir='ltr'><strong>insaniam</strong></span> <span class='ocrx_word' id='word_1_119' title='bbox 1507 1406 1622 1446; x_wconf 86' lang='lat' dir='ltr'><strong>libera</strong></span> 
     </span>
     <span class='ocr_line' id='line_1_17' title="bbox 368 1478 1618 1533; baseline -0.001 -15"><span class='ocrx_word' id='word_1_120' title='bbox 368 1479 601 1519; x_wconf 78' lang='lat' dir='ltr'><strong>contumacia</strong></span> <span class='ocrx_word' id='word_1_121' title='bbox 642 1479 866 1533; x_wconf 79' lang='lat' dir='ltr'><strong>exagitaret,</strong></span> <span class='ocrx_word' id='word_1_122' title='bbox 907 1480 973 1533; x_wconf 90' lang='lat' dir='ltr'><strong>qui</strong></span> <span class='ocrx_word' id='word_1_123' title='bbox 1013 1494 1090 1522; x_wconf 86' lang='lat' dir='ltr'><strong>nou</strong></span> <span class='ocrx_word' id='word_1_124' title='bbox 1127 1480 1330 1533; x_wconf 81' lang='lat' dir='ltr'><strong>sapientiae</strong></span> <span class='ocrx_word' id='word_1_125' title='bbox 1365 1492 1516 1519; x_wconf 84' lang='lat' dir='ltr'><strong>amorem</strong></span> <span class='ocrx_word' id='word_1_126' title='bbox 1554 1478 1618 1518; x_wconf 89' lang='lat' dir='ltr'><strong>sed</strong></span> 
     </span>
     <span class='ocr_line' id='line_1_18' title="bbox 365 1551 1618 1605; baseline 0.001 -16"><span class='ocrx_word' id='word_1_127' title='bbox 365 1552 483 1603; x_wconf 84' lang='lat' dir='ltr'><strong>ipsam</strong></span> <span class='ocrx_word' id='word_1_128' title='bbox 510 1552 729 1605; x_wconf 82' lang='lat' dir='ltr'><strong>sapientiam</strong></span> <span class='ocrx_word' id='word_1_129' title='bbox 756 1552 857 1593; x_wconf 86' lang='lat' dir='ltr'><strong>haud</strong></span> <span class='ocrx_word' id='word_1_130' title='bbox 879 1553 1031 1592; x_wconf 86' lang='lat' dir='ltr'><strong>obscure</strong></span> <span class='ocrx_word' id='word_1_131' title='bbox 1057 1553 1297 1605; x_wconf 82' lang='lat' dir='ltr'><strong>profitentur;</strong></span> <span class='ocrx_word' id='word_1_132' title='bbox 1324 1556 1454 1604; x_wconf 80' lang='lat' dir='ltr'><strong>utpote</strong></span> <span class='ocrx_word' id='word_1_133' title='bbox 1480 1551 1618 1603; x_wconf 89' lang='lat' dir='ltr'><strong>quibus</strong></span> 
     </span>
     <span class='ocr_line' id='line_1_19' title="bbox 364 1624 1618 1678; baseline 0 -14"><span class='ocrx_word' id='word_1_134' title='bbox 364 1624 443 1677; x_wconf 88' lang='lat' dir='ltr'><strong>ipsa</strong></span> <span class='ocrx_word' id='word_1_135' title='bbox 484 1624 666 1674; x_wconf 79' lang='lat' dir='ltr'><strong>scientia,</strong></span> <span class='ocrx_word' id='word_1_136' title='bbox 710 1625 827 1665; x_wconf 87' lang='lat' dir='ltr'><strong>veluti</strong></span> <span class='ocrx_word' id='word_1_137' title='bbox 864 1626 978 1665; x_wconf 85' lang='lat' dir='ltr'><strong>altera</strong></span> <span class='ocrx_word' id='word_1_138' title='bbox 1018 1625 1172 1678; x_wconf 82' lang='lat' dir='ltr'><strong>Egeria,</strong></span> <span class='ocrx_word' id='word_1_139' title='bbox 1215 1638 1341 1665; x_wconf 90' lang='lat' dir='ltr'><strong>omnes</strong></span> <span class='ocrx_word' id='word_1_140' title='bbox 1382 1638 1439 1665; x_wconf 88' lang='lat' dir='ltr'><strong>res</strong></span> <span class='ocrx_word' id='word_1_141' title='bbox 1471 1625 1618 1665; x_wconf 80' lang='lat' dir='ltr'><strong>divinus</strong></span> 
     </span>
     <span class='ocr_line' id='line_1_20' title="bbox 365 1697 1619 1750; baseline 0 -14"><span class='ocrx_word' id='word_1_142' title='bbox 365 1701 475 1748; x_wconf 90' lang='lat' dir='ltr'><strong>atque</strong></span> <span class='ocrx_word' id='word_1_143' title='bbox 502 1697 680 1738; x_wconf 77' lang='lat' dir='ltr'><strong>humanas</strong></span> <span class='ocrx_word' id='word_1_144' title='bbox 708 1698 855 1738; x_wconf 83' lang='lat' dir='ltr'><strong>disertis</strong></span> <span class='ocrx_word' id='word_1_145' title='bbox 886 1698 1006 1737; x_wconf 84' lang='lat' dir='ltr'><strong>verbis</strong></span> <span class='ocrx_word' id='word_1_146' title='bbox 1033 1697 1260 1750; x_wconf 85' lang='lat' dir='ltr'><strong>patefecerit.</strong></span> <span class='ocrx_word' id='word_1_147' title='bbox 1315 1697 1422 1746; x_wconf 76' lang='lat' dir='ltr'><strong>Quae</strong></span> <span class='ocrx_word' id='word_1_148' title='bbox 1450 1710 1536 1737; x_wconf 88' lang='lat' dir='ltr'><strong>cum</strong></span> <span class='ocrx_word' id='word_1_149' title='bbox 1563 1697 1619 1736; x_wconf 88' lang='lat' dir='ltr'><strong>ita</strong></span> 
     </span>
     <span class='ocr_line' id='line_1_21' title="bbox 364 1769 1618 1827; baseline 0 -20"><span class='ocrx_word' id='word_1_150' title='bbox 364 1769 404 1807; x_wconf 90' lang='lat' dir='ltr'><strong>in</strong></span> <span class='ocrx_word' id='word_1_151' title='bbox 432 1769 596 1808; x_wconf 84' lang='lat' dir='ltr'><strong>animum</strong></span> <span class='ocrx_word' id='word_1_152' title='bbox 625 1770 822 1817; x_wconf 86' lang='lat' dir='ltr'><strong>inducant,</strong></span> <span class='ocrx_word' id='word_1_153' title='bbox 858 1774 900 1809; x_wconf 91' lang='lat' dir='ltr'><strong>tu</strong></span> <span class='ocrx_word' id='word_1_154' title='bbox 933 1783 1030 1827; x_wconf 71' lang='lat' dir='ltr'><strong>cave¹</strong></span> <span class='ocrx_word' id='word_1_155' title='bbox 1055 1783 1103 1808; x_wconf 88' lang='lat' dir='ltr'><strong>ne</strong></span> <span class='ocrx_word' id='word_1_156' title='bbox 1140 1770 1342 1820; x_wconf 82' lang='lat' dir='ltr'><strong>obloquare</strong></span> <span class='ocrx_word' id='word_1_157' title='bbox 1377 1770 1618 1808; x_wconf 84' lang='lat' dir='ltr'><strong>sacrosanctis</strong></span> 
     </span>
     <span class='ocr_line' id='line_1_22' title="bbox 364 1840 1617 1893; baseline 0.002 -14"><span class='ocrx_word' id='word_1_158' title='bbox 364 1840 451 1880; x_wconf 82' lang='lat' dir='ltr'><strong>deae</strong></span> <span class='ocrx_word' id='word_1_159' title='bbox 475 1840 756 1892; x_wconf 86' lang='lat' dir='ltr'><strong>interpretibus,</strong></span> <span class='ocrx_word' id='word_1_160' title='bbox 785 1855 833 1881; x_wconf 86' lang='lat' dir='ltr'><strong>ne</strong></span> <span class='ocrx_word' id='word_1_161' title='bbox 851 1841 1063 1893; x_wconf 82' lang='lat' dir='ltr'><strong>interpelles</strong></span> <span class='ocrx_word' id='word_1_162' title='bbox 1091 1841 1261 1892; x_wconf 89' lang='lat' dir='ltr'><strong>quidem,</strong></span> <span class='ocrx_word' id='word_1_163' title='bbox 1291 1841 1391 1891; x_wconf 80' lang='lat' dir='ltr'><strong>quod</strong></span> <span class='ocrx_word' id='word_1_164' title='bbox 1412 1841 1445 1881; x_wconf 82' lang='lat' dir='ltr'><strong>si</strong></span> <span class='ocrx_word' id='word_1_165' title='bbox 1466 1841 1617 1890; x_wconf 82' lang='lat' dir='ltr'><strong>feceris,</strong></span> 
     </span>
     <span class='ocr_line' id='line_1_23' title="bbox 364 1913 1617 1961; baseline 0.002 -11"><span class='ocrx_word' id='word_1_166' title='bbox 364 1913 600 1953; x_wconf 82' lang='lat' dir='ltr'><strong>manifestum</strong></span> <span class='ocrx_word' id='word_1_167' title='bbox 646 1917 685 1952; x_wconf 85' lang='lat' dir='ltr'><strong>te</strong></span> <span class='ocrx_word' id='word_1_168' title='bbox 721 1913 912 1953; x_wconf 85' lang='lat' dir='ltr'><strong>habebunt</strong></span> <span class='ocrx_word' id='word_1_169' title='bbox 948 1914 1115 1954; x_wconf 84' lang='lat' dir='ltr'><strong>veritatis</strong></span> <span class='ocrx_word' id='word_1_170' title='bbox 1157 1927 1321 1961; x_wconf 90' lang='lat' dir='ltr'><strong>osorem,</strong></span> <span class='ocrx_word' id='word_1_171' title='bbox 1363 1913 1551 1952; x_wconf 90' lang='lat' dir='ltr'><strong>hominem</strong></span> <span class='ocrx_word' id='word_1_172' title='bbox 1584 1915 1617 1953; x_wconf 88' lang='lat' dir='ltr'><strong>si</strong></span> 
     </span>
     <span class='ocr_line' id='line_1_24' title="bbox 362 1984 1615 2038; baseline 0.001 -13"><span class='ocrx_word' id='word_1_173' title='bbox 362 1998 436 2027; x_wconf 86' lang='lat' dir='ltr'><strong>non</strong></span> <span class='ocrx_word' id='word_1_174' title='bbox 454 1984 663 2037; x_wconf 85' lang='lat' dir='ltr'><strong>improbum</strong></span> <span class='ocrx_word' id='word_1_175' title='bbox 682 1989 719 2025; x_wconf 89' lang='lat' dir='ltr'><strong>et</strong></span> <span class='ocrx_word' id='word_1_176' title='bbox 736 1985 846 2026; x_wconf 91' lang='lat' dir='ltr'><strong>nihili</strong></span> <span class='ocrx_word' id='word_1_177' title='bbox 869 1989 907 2025; x_wconf 85' lang='lat' dir='ltr'><strong>at</strong></span> <span class='ocrx_word' id='word_1_178' title='bbox 928 1989 1025 2025; x_wconf 88' lang='lat' dir='ltr'><strong>certe</strong></span> <span class='ocrx_word' id='word_1_179' title='bbox 1044 1986 1274 2038; x_wconf 82' lang='lat' dir='ltr'><strong>lucifugum,</strong></span> <span class='ocrx_word' id='word_1_180' title='bbox 1295 1985 1615 2038; x_wconf 88' lang='lat' dir='ltr'><strong>superstitiosum,</strong></span> 
     </span>
     <span class='ocr_line' id='line_1_25' title="bbox 361 2057 1615 2110; baseline 0.004 -15"><span class='ocrx_word' id='word_1_181' title='bbox 361 2057 475 2096; x_wconf 83' lang='lat' dir='ltr'><strong>animi</strong></span> <span class='ocrx_word' id='word_1_182' title='bbox 508 2058 649 2110; x_wconf 90' lang='lat' dir='ltr'><strong>pusilli.</strong></span> <span class='ocrx_word' id='word_1_183' title='bbox 706 2060 759 2099; x_wconf 89' lang='lat' dir='ltr'><strong>At</strong></span> <span class='ocrx_word' id='word_1_184' title='bbox 789 2061 917 2108; x_wconf 61' lang='grc' dir='ltr'><em>,Ινᾶφε</em></span> <span class='ocrx_word' id='word_1_185' title='bbox 947 2059 1012 2098; x_wconf 75' lang='grc' dir='ltr'><strong>καὶ</strong></span> <span class='ocrx_word' id='word_1_186' title='bbox 1042 2058 1212 2107; x_wconf 60' lang='lat' dir='ltr'><strong>usuum*</strong></span> <span class='ocrx_word' id='word_1_187' title='bbox 1232 2058 1438 2098; x_wconf 53' lang='lat' dir='ltr'><strong>&amp;morast</strong></span> <span class='ocrx_word' id='word_1_188' title='bbox 1465 2073 1615 2100; x_wconf 90' lang='lat' dir='ltr'><strong>aureum</strong></span> 
     </span>
     <span class='ocr_line' id='line_1_26' title="bbox 362 2131 1617 2184; baseline 0.002 -15"><span class='ocrx_word' id='word_1_189' title='bbox 362 2134 417 2169; x_wconf 90' lang='lat' dir='ltr'><strong>est</strong></span> <span class='ocrx_word' id='word_1_190' title='bbox 445 2135 692 2184; x_wconf 86' lang='lat' dir='ltr'><strong>praeceptum.</strong></span> <span class='ocrx_word' id='word_1_191' title='bbox 748 2131 832 2172; x_wconf 89' lang='lat' dir='ltr'><strong>Hoc</strong></span> <span class='ocrx_word' id='word_1_192' title='bbox 860 2131 893 2170; x_wconf 89' lang='lat' dir='ltr'><strong>si</strong></span> <span class='ocrx_word' id='word_1_193' title='bbox 921 2135 1023 2171; x_wconf 80' lang='lat' dir='ltr'><strong>tenes</strong></span> <span class='ocrx_word' id='word_1_194' title='bbox 1051 2131 1137 2171; x_wconf 87' lang='lat' dir='ltr'><strong>vide</strong></span> <span class='ocrx_word' id='word_1_195' title='bbox 1162 2146 1209 2171; x_wconf 87' lang='lat' dir='ltr'><strong>an</strong></span> <span class='ocrx_word' id='word_1_196' title='bbox 1237 2132 1437 2171; x_wconf 83' lang='lat' dir='ltr'><strong>novissima</strong></span> <span class='ocrx_word' id='word_1_197' title='bbox 1470 2132 1617 2172; x_wconf 83' lang='lat' dir='ltr'><strong>oracula</strong></span> 
     </span>
     <span class='ocr_line' id='line_1_27' title="bbox 362 2204 1615 2257; baseline 0.002 -16"><span class='ocrx_word' id='word_1_198' title='bbox 362 2216 506 2242; x_wconf 90' lang='lat' dir='ltr'><strong>mecum</strong></span> <span class='ocrx_word' id='word_1_199' title='bbox 553 2208 778 2244; x_wconf 62' lang='lat' dir='ltr'><strong>contemnas</strong></span> <span class='ocrx_word' id='word_1_200' title='bbox 842 2204 993 2244; x_wconf 89' lang='lat' dir='ltr'><strong>Scilicet</strong></span> <span class='ocrx_word' id='word_1_201' title='bbox 1037 2204 1222 2244; x_wconf 86' lang='lat' dir='ltr'><strong>somnium</strong></span> <span class='ocrx_word' id='word_1_202' title='bbox 1270 2209 1423 2245; x_wconf 82' lang='lat' dir='ltr'><strong>vocatur</strong></span> <span class='ocrx_word' id='word_1_203' title='bbox 1469 2207 1615 2257; x_wconf 88' lang='lat' dir='ltr'><strong>generis</strong></span> 
     </span>
     <span class='ocr_line' id='line_1_28' title="bbox 361 2274 1613 2328; baseline 0.003 -15"><span class='ocrx_word' id='word_1_204' title='bbox 361 2275 477 2314; x_wconf 83' lang='lat' dir='ltr'><strong>nostri</strong></span> <span class='ocrx_word' id='word_1_205' title='bbox 519 2274 713 2324; x_wconf 82' lang='lat' dir='ltr'><strong>nobilitas,</strong></span> <span class='ocrx_word' id='word_1_206' title='bbox 757 2276 885 2316; x_wconf 89' lang='lat' dir='ltr'><strong>bestiis</strong></span> <span class='ocrx_word' id='word_1_207' title='bbox 926 2276 1213 2328; x_wconf 87' lang='lat' dir='ltr'><strong>aequiparantur</strong></span> <span class='ocrx_word' id='word_1_208' title='bbox 1249 2276 1426 2324; x_wconf 85' lang='lat' dir='ltr'><strong>maiores,</strong></span> <span class='ocrx_word' id='word_1_209' title='bbox 1470 2277 1613 2317; x_wconf 90' lang='lat' dir='ltr'><strong>coelum</strong></span> 
     </span>
     <span class='ocr_line' id='line_1_29' title="bbox 361 2345 1613 2402; baseline 0.002 -16"><span class='ocrx_word' id='word_1_210' title='bbox 361 2345 581 2387; x_wconf 83' lang='lat' dir='ltr'><strong>mortalibus</strong></span> <span class='ocrx_word' id='word_1_211' title='bbox 607 2352 766 2400; x_wconf 85' lang='lat' dir='ltr'><strong>negatur</strong></span> <span class='ocrx_word' id='word_1_212' title='bbox 781 2377 899 2390; x_wconf 89' lang='grc'><strong>.....</strong></span> <span class='ocrx_word' id='word_1_213' title='bbox 918 2350 1060 2401; x_wconf 59' lang='grc' dir='ltr'>,ΑΡαςθ</span> <span class='ocrx_word' id='word_1_214' title='bbox 1087 2352 1212 2401; x_wconf 86' lang='lat' dir='ltr'><strong>turpes</strong></span> <span class='ocrx_word' id='word_1_215' title='bbox 1246 2351 1380 2402; x_wconf 85' lang='lat' dir='ltr'><strong>nugas!</strong></span> <span class='ocrx_word' id='word_1_216' title='bbox 1438 2350 1511 2389; x_wconf 89' lang='lat' dir='ltr'><strong>Vix</strong></span> <span class='ocrx_word' id='word_1_217' title='bbox 1539 2351 1613 2390; x_wconf 89' lang='lat' dir='ltr'><strong>dici</strong></span> 
     </span>
     <span class='ocr_line' id='line_1_30' title="bbox 361 2420 1613 2473; baseline 0.003 -17"><span class='ocrx_word' id='word_1_218' title='bbox 361 2421 484 2469; x_wconf 88' lang='lat' dir='ltr'><strong>potest</strong></span> <span class='ocrx_word' id='word_1_219' title='bbox 512 2432 622 2470; x_wconf 86' lang='lat' dir='ltr'><strong>quam</strong></span> <span class='ocrx_word' id='word_1_220' title='bbox 652 2420 831 2459; x_wconf 74' lang='lat' dir='ltr'><strong>radicitus</strong></span> <span class='ocrx_word' id='word_1_221' title='bbox 857 2420 1072 2460; x_wconf 82' lang='lat' dir='ltr'><strong>istiusmodi</strong></span> <span class='ocrx_word' id='word_1_222' title='bbox 1100 2421 1288 2460; x_wconf 83' lang='lat' dir='ltr'><strong>dementia</strong></span> <span class='ocrx_word' id='word_1_223' title='bbox 1314 2421 1460 2473; x_wconf 86' lang='lat' dir='ltr'><strong>frangat</strong></span> <span class='ocrx_word' id='word_1_224' title='bbox 1487 2426 1613 2460; x_wconf 83' lang='lat' dir='ltr'><strong>aucto-</strong></span> 
     </span>
     <span class='ocr_line' id='line_1_31' title="bbox 361 2490 1612 2542; baseline 0.003 -13"><span class='ocrx_word' id='word_1_225' title='bbox 361 2490 509 2533; x_wconf 82' lang='lat' dir='ltr'><strong>ritatem</strong></span> <span class='ocrx_word' id='word_1_226' title='bbox 538 2490 683 2532; x_wconf 87' lang='lat' dir='ltr'><strong>critices</strong></span> <span class='ocrx_word' id='word_1_227' title='bbox 712 2492 867 2534; x_wconf 80' lang='lat' dir='ltr'><strong>sanioris</strong></span> <span class='ocrx_word' id='word_1_228' title='bbox 873 2508 885 2539; x_wconf 81' lang='lat'>3</span> <span class='ocrx_word' id='word_1_229' title='bbox 915 2496 1096 2542; x_wconf 86' lang='lat' dir='ltr'><strong>quantum</strong></span> <span class='ocrx_word' id='word_1_230' title='bbox 1120 2493 1301 2539; x_wconf 88' lang='lat' dir='ltr'><strong>dolorem,</strong></span> <span class='ocrx_word' id='word_1_231' title='bbox 1330 2498 1506 2542; x_wconf 86' lang='lat' dir='ltr'><strong>quantam</strong></span> <span class='ocrx_word' id='word_1_232' title='bbox 1535 2498 1612 2533; x_wconf 89' lang='lat' dir='ltr'><strong>tur-</strong></span> 
     </span>
    </p>
   </div>
  </div>
 </body>
</html>
