1937 3075
876 300 927 337 83

280 427 382 468 Lect.
411 443 448 481 p.
477 429 559 480 43).
614 428 751 467 Levem
779 431 817 467 et
838 427 1107 467 inconstantem
1137 429 1310 468 maritum
1337 443 1402 468 suo
1430 442 1532 467 more

280 500 446 553 increpat
474 514 565 539 uxor
592 499 738 549 dotata,
773 500 813 539 οὐ
853 499 927 547 μία
965 503 1036 538 τῶν
1076 501 1255 550 ἀσήμων,
1289 505 1331 541 ut
1358 501 1438 554 ipsa
1465 500 1531 540 ait.

334 573 455 611 Fideli
472 577 549 611 arte
569 572 694 611 rhetor
718 572 931 611 muliebrem
950 576 1120 611 naturam
1140 577 1215 611 tam
1234 573 1390 611 feliciter
1407 573 1530 611 imita-

282 650 343 685 tus
362 649 418 683 est
431 648 475 683 ut
489 644 635 683 Gallam
649 644 812 695 aliquam
827 649 899 683 τῶν
919 647 982 683 νῦν
997 645 1125 684 audire
1142 644 1212 684 tibi
1226 644 1371 683 videare
1386 644 1445 683 vel
1457 644 1534 682 Ita-

281 718 354 756 lam
380 731 453 756 non
469 721 629 755 veterem
649 716 838 755 Graecam.
882 716 1161 769 Aliquantisper
1184 716 1377 755 audiamus
1405 716 1536 767 ipsam.

338 789 419 837 „Tu
446 803 531 828 vero
559 789 677 828 oculis
710 787 805 828 levis
842 793 880 828 et
915 789 1129 829 inconstans
1156 793 1193 828 et
1220 789 1267 828 ad
1295 802 1443 828 omnem
1470 802 1535 827 vo-

282 862 465 916 luptatem
503 862 661 912 effusus,
705 862 882 915 neglectis
920 877 977 903 me
1012 867 1049 903 et
1090 861 1348 903 communibus
1390 861 1537 911 liberis,

284 937 425 976 Galene
462 941 499 975 et
526 937 785 983 Thessalione,
822 937 1130 976 Hermionensem
1169 950 1267 976 amas
1294 936 1539 987 inquilinam,

285 1023 396 1060 quam
417 1008 512 1048 malo
528 1009 731 1048 amantium
748 1009 900 1048 Piraeus
920 1010 1078 1061 excepit.
1108 1009 1355 1048 Comissatum
1377 1009 1475 1046 enim
1495 1008 1541 1046 ad
1593 1023 1599 1028 ·

285 1096 365 1122 eam
388 1082 490 1122 venit
513 1081 698 1121 maritima
722 1082 911 1130 iuventus,
943 1083 1112 1133 aliusque
1134 1082 1233 1121 aliud
1257 1082 1395 1121 donum
1418 1081 1522 1120 affert
1530 1098 1542 1128 3

285 1157 324 1193 at
360 1153 422 1193 illa
458 1168 533 1194 non
570 1142 785 1207 aspernatur
825 1159 862 1194 et
898 1154 1100 1207 Charybdis
1136 1155 1252 1195 instar
1289 1155 1427 1194 haurit.
1483 1154 1540 1193 Tu

286 1241 373 1266 vero
404 1227 498 1266 ultra
527 1228 718 1280 piscatoris
740 1228 991 1267 conditionem
1015 1229 1140 1280 largus
1160 1242 1235 1267 non
1259 1241 1406 1267 maenas
1434 1227 1541 1266 affers

286 1299 344 1338 vel
372 1300 524 1349 mullos,
568 1300 643 1339 imo
678 1300 847 1339 dedecori
882 1300 1016 1350 habes,
1061 1301 1126 1340 scd
1159 1304 1279 1340 aetate
1311 1300 1539 1353 provectior,

286 1376 343 1411 tot
370 1386 488 1411 annos
516 1373 672 1421 coniux,
716 1373 993 1424 liberorumque
1029 1388 1103 1412 non
1141 1374 1340 1412 admodum
1369 1373 1542 1425 parvolo-

287 1459 368 1485 rum
403 1449 523 1498 patcr,
559 1459 747 1485 removere
779 1445 909 1485 rivales
946 1446 1116 1498 cupiens,
1146 1446 1301 1486 reticula
1329 1445 1478 1485 Milesia
1505 1449 1545 1485 et

288 1518 448 1557 Siculam
472 1522 613 1557 vestem
637 1532 841 1569 aurumque
859 1519 1010 1570 insuper
1030 1518 1065 1557 ei
1086 1518 1219 1558 mittis,
1263 1521 1341 1557 Aut
1365 1518 1483 1571 igitur
1500 1518 1546 1557 ab

288 1591 362 1631 ista
377 1591 570 1631 insolentia
585 1591 720 1631 desiste
735 1595 799 1631 aut
820 1605 878 1631 me
893 1591 986 1631 scias
1005 1591 1052 1631 ad
1070 1595 1210 1644 patrem
1231 1589 1458 1632 redituram'’
1475 1595 1546 1631 etc.

352 1664 425 1703 Sed
463 1664 535 1703 iam
584 1665 673 1703 satis
718 1668 785 1703 est.
857 1664 1053 1703 Sufficiunt
1097 1664 1229 1703 haecce
1272 1663 1320 1703 ad
1366 1663 1406 1702 id
1448 1662 1547 1715 quod

290 1739 384 1778 volo.
440 1739 497 1777 De
526 1738 709 1778 industria
745 1742 869 1777 autem
903 1738 987 1777 dedi
1025 1738 1229 1777 versionem
1255 1738 1409 1777 latinam
1435 1737 1548 1789 Berg-

290 1811 358 1850 leri
402 1814 445 1850 ut
488 1810 629 1863 insigni
673 1810 840 1863 exemplo
880 1810 1111 1849 ostenderem
1160 1823 1272 1862 quam
1319 1824 1427 1863 saepe
1469 1823 1551 1849 eru-

291 1883 364 1923 diti
396 1883 575 1932 editores,
613 1883 702 1923 licet
739 1883 934 1923 verborum
972 1897 1120 1922 sensum
1157 1883 1330 1922 universe
1368 1884 1438 1922 rite
1467 1897 1548 1935 per-

292 1960 462 2010 spectum
497 1956 678 2005 habeant,
715 1956 755 1995 in
790 1956 996 1995 tritissimis
1017 1956 1194 2008 loquendi
1223 1956 1390 1996 formulis
1425 1960 1548 1996 tamen

292 2030 552 2072 absurdissima
595 2043 762 2083 quaeque
803 2030 1040 2071 librariorum
1078 2029 1307 2080 σφάλματα
1346 2030 1438 2070 duro
1474 2034 1549 2070 sto-

293 2105 425 2144 macho
467 2109 715 2156 coneoquant.
772 2104 812 2143 Si
859 2105 943 2156 quis
986 2104 1209 2145 Graecitatis
1256 2105 1355 2144 haud
1397 2105 1548 2144 omnino

292 2179 462 2231 ignarus,
505 2182 544 2217 at
585 2179 624 2217 in
663 2177 900 2229 Alciphronis
937 2178 1104 2229 epistolis
1146 2178 1300 2229 hospes,
1343 2177 1547 2216 versionem

293 2251 568 2303 Berglerianam
602 2249 878 2289 exercitationis
907 2263 1018 2289 causa
1056 2249 1196 2288 Graece
1231 2249 1418 2297 redderet,
1455 2263 1551 2289 erro-

294 2337 351 2362 res
379 2337 472 2375 quos
500 2323 661 2362 editores
690 2336 807 2372 aequo
836 2322 959 2361 animo
988 2322 1131 2370 ferunt,
1162 2326 1292 2373 sponte
1320 2322 1467 2362 vitaret.

349 2397 412 2436 Ad
446 2409 579 2435 omnem
614 2396 834 2445 voluptatem
872 2395 1008 2447 effusus
1036 2407 1067 2432 e.
1088 2407 1120 2432 c.
1160 2393 1244 2444 quis
1281 2407 1356 2433 non
1393 2397 1552 2433 verteret

295 2470 384 2518 πρὸς
426 2471 559 2508 πᾶσαν
601 2467 727 2512 ἡδονὴν
771 2467 789 2505 ε’
802 2466 1068 2515 κκεχυμένοςῖ
1112 2466 1270 2505 editores
1305 2471 1429 2505 tamen
1466 2481 1551 2507 cum

297 2541 426 2582 scribis
455 2540 678 2591 κεχυμένος.

1346 2614 1389 2639 ωε
