<?xml version="1.0" encoding="UTF-8"?>
<!DOCTYPE html PUBLIC "-//W3C//DTD XHTML 1.0 Transitional//EN"
    "http://www.w3.org/TR/xhtml1/DTD/xhtml1-transitional.dtd">
<html xmlns="http://www.w3.org/1999/xhtml" xml:lang="en" lang="en">
 <head>
  <title>
</title>
<meta http-equiv="Content-Type" content="text/html;charset=utf-8" />
  <meta name='ocr-system' content='tesseract 3.04.00' />
  <meta name='ocr-capabilities' content='ocr_page ocr_carea ocr_par ocr_line ocrx_word'/>
</head>
<body>
  <div class='ocr_page' id='page_1' title='image "4737922_0062.png"; bbox 0 0 1937 3075; ppageno 0'>
   <div class='ocr_carea' id='block_1_1' title="bbox 963 261 1013 297">
    <p class='ocr_par' dir='ltr' id='par_1_1' title="bbox 963 261 1013 297">
     <span class='ocr_line' id='line_1_1' title="bbox 963 261 1013 297; baseline 0 0"><span class='ocrx_word' id='word_1_1' title='bbox 963 261 1013 297; x_wconf 86' lang='lat'><strong>46</strong></span> 
     </span>
    </p>
   </div>
   <div class='ocr_carea' id='block_1_2' title="bbox 359 385 1628 1022">
    <p class='ocr_par' dir='ltr' id='par_1_2' title="bbox 359 385 1628 1022">
     <span class='ocr_line' id='line_1_2' title="bbox 360 385 1621 441; baseline 0.001 -14"><span class='ocrx_word' id='word_1_2' title='bbox 360 388 472 428; x_wconf 83' lang='lat' dir='ltr'><strong>scribi</strong></span> <span class='ocrx_word' id='word_1_3' title='bbox 509 402 583 427; x_wconf 93' lang='lat' dir='ltr'><strong>non</strong></span> <span class='ocrx_word' id='word_1_4' title='bbox 623 388 790 441; x_wconf 89' lang='lat' dir='ltr'><strong>potuisse</strong></span> <span class='ocrx_word' id='word_1_5' title='bbox 824 393 862 428; x_wconf 88' lang='lat' dir='ltr'><strong>et</strong></span> <span class='ocrx_word' id='word_1_6' title='bbox 889 393 989 428; x_wconf 86' lang='lat' dir='ltr'><strong>reete</strong></span> <span class='ocrx_word' id='word_1_7' title='bbox 1018 389 1080 428; x_wconf 89' lang='lat' dir='ltr'><strong>ille</strong></span> <span class='ocrx_word' id='word_1_8' title='bbox 1114 388 1290 440; x_wconf 82' lang='lat' dir='ltr'><strong>quoniam</strong></span> <span class='ocrx_word' id='word_1_9' title='bbox 1318 385 1431 427; x_wconf 73' lang='grc' dir='ltr'><em>ἆθλον</em></span> <span class='ocrx_word' id='word_1_10' title='bbox 1461 403 1507 428; x_wconf 85' lang='lat' dir='ltr'><strong>ex</strong></span> <span class='ocrx_word' id='word_1_11' title='bbox 1535 388 1621 428; x_wconf 75' lang='grc' dir='ltr'><em>ἄεθ-</em></span> 
     </span>
     <span class='ocr_line' id='line_1_3' title="bbox 359 461 1622 514; baseline 0.001 -14"><span class='ocrx_word' id='word_1_12' title='bbox 359 469 423 500; x_wconf 80' lang='grc' dir='ltr'><strong>λον</strong></span> <span class='ocrx_word' id='word_1_13' title='bbox 452 465 687 501; x_wconf 83' lang='lat' dir='ltr'><strong>contraotum</strong></span> <span class='ocrx_word' id='word_1_14' title='bbox 718 476 743 500; x_wconf 86' lang='grc' dir='ltr'><em>α</em></span> <span class='ocrx_word' id='word_1_15' title='bbox 772 461 884 501; x_wconf 85' lang='lat' dir='ltr'><strong>habet</strong></span> <span class='ocrx_word' id='word_1_16' title='bbox 911 466 1043 501; x_wconf 85' lang='lat' dir='ltr'><strong>natura</strong></span> <span class='ocrx_word' id='word_1_17' title='bbox 1075 462 1247 514; x_wconf 90' lang='lat' dir='ltr'><strong>longum,</strong></span> <span class='ocrx_word' id='word_1_18' title='bbox 1280 461 1458 501; x_wconf 81' lang='lat' dir='ltr'><strong>articulus</strong></span> <span class='ocrx_word' id='word_1_19' title='bbox 1497 466 1622 501; x_wconf 87' lang='lat' dir='ltr'><strong>autem</strong></span> 
     </span>
     <span class='ocr_line' id='line_1_4' title="bbox 359 533 1624 586; baseline 0 -13"><span class='ocrx_word' id='word_1_20' title='bbox 359 548 443 573; x_wconf 90' lang='lat' dir='ltr'><strong>cum</strong></span> <span class='ocrx_word' id='word_1_21' title='bbox 481 548 507 572; x_wconf 87' lang='grc' dir='ltr'><em>α</em></span> <span class='ocrx_word' id='word_1_22' title='bbox 535 534 645 586; x_wconf 85' lang='lat' dir='ltr'><strong>longo</strong></span> <span class='ocrx_word' id='word_1_23' title='bbox 675 535 795 573; x_wconf 85' lang='lat' dir='ltr'><strong>crasin</strong></span> <span class='ocrx_word' id='word_1_24' title='bbox 827 534 917 573; x_wconf 83' lang='lat' dir='ltr'><strong>facit</strong></span> <span class='ocrx_word' id='word_1_25' title='bbox 947 534 1193 573; x_wconf 84' lang='lat' dir='ltr'><strong>durissimam.</strong></span> <span class='ocrx_word' id='word_1_26' title='bbox 1251 533 1343 582; x_wconf 89' lang='lat' dir='ltr'>Sed,</span> <span class='ocrx_word' id='word_1_27' title='bbox 1381 533 1468 573; x_wconf 86' lang='lat' dir='ltr'><strong>licet</strong></span> <span class='ocrx_word' id='word_1_28' title='bbox 1505 534 1624 574; x_wconf 84' lang='lat' dir='ltr'><strong>forma</strong></span> 
     </span>
     <span class='ocr_line' id='line_1_5' title="bbox 360 603 1623 659; baseline 0.001 -14"><span class='ocrx_word' id='word_1_29' title='bbox 360 603 490 646; x_wconf 76' lang='grc' dir='ltr'><em>τᾶθλα</em></span> <span class='ocrx_word' id='word_1_30' title='bbox 523 607 650 658; x_wconf 88' lang='lat' dir='ltr'><strong>aliquo</strong></span> <span class='ocrx_word' id='word_1_31' title='bbox 680 607 791 646; x_wconf 91' lang='lat' dir='ltr'><strong>modo</strong></span> <span class='ocrx_word' id='word_1_32' title='bbox 820 606 985 646; x_wconf 84' lang='lat' dir='ltr'><strong>excusari</strong></span> <span class='ocrx_word' id='word_1_33' title='bbox 1014 610 1051 645; x_wconf 86' lang='lat' dir='ltr'><strong>et</strong></span> <span class='ocrx_word' id='word_1_34' title='bbox 1079 606 1166 645; x_wconf 82' lang='lat' dir='ltr'><strong>ferri</strong></span> <span class='ocrx_word' id='word_1_35' title='bbox 1194 610 1340 659; x_wconf 91' lang='lat' dir='ltr'><strong>posset,</strong></span> <span class='ocrx_word' id='word_1_36' title='bbox 1371 608 1456 659; x_wconf 91' lang='lat' dir='ltr'><strong>quis</strong></span> <span class='ocrx_word' id='word_1_37' title='bbox 1485 621 1506 646; x_wconf 88' lang='lat' dir='ltr'><strong>a</strong></span> <span class='ocrx_word' id='word_1_38' title='bbox 1533 604 1623 646; x_wconf 58' lang='lat' dir='ltr'><strong>Porss</strong></span> 
     </span>
     <span class='ocr_line' id='line_1_6' title="bbox 361 678 1624 732; baseline 0 -13"><span class='ocrx_word' id='word_1_39' title='bbox 361 693 451 719; x_wconf 89' lang='lat' dir='ltr'><strong>sono</strong></span> <span class='ocrx_word' id='word_1_40' title='bbox 489 679 702 719; x_wconf 84' lang='lat' dir='ltr'><strong>admonitus</strong></span> <span class='ocrx_word' id='word_1_41' title='bbox 738 693 812 718; x_wconf 89' lang='lat' dir='ltr'><strong>non</strong></span> <span class='ocrx_word' id='word_1_42' title='bbox 841 679 950 718; x_wconf 83' lang='lat' dir='ltr'><strong>facile</strong></span> <span class='ocrx_word' id='word_1_43' title='bbox 977 678 1049 718; x_wconf 86' lang='lat' dir='ltr'><strong>sibi</strong></span> <span class='ocrx_word' id='word_1_44' title='bbox 1083 679 1319 731; x_wconf 85' lang='lat' dir='ltr'><strong>persuadebit</strong></span> <span class='ocrx_word' id='word_1_45' title='bbox 1356 679 1480 732; x_wconf 89' lang='lat' dir='ltr'><strong>ipsum</strong></span> <span class='ocrx_word' id='word_1_46' title='bbox 1508 680 1624 719; x_wconf 86' lang='lat' dir='ltr'><strong>istum</strong></span> 
     </span>
     <span class='ocr_line' id='line_1_7' title="bbox 362 751 1624 803; baseline -0.002 -10"><span class='ocrx_word' id='word_1_47' title='bbox 362 753 562 793; x_wconf 88' lang='lat' dir='ltr'><strong>articulum</strong></span> <span class='ocrx_word' id='word_1_48' title='bbox 590 753 710 792; x_wconf 93' lang='lat' dir='ltr'><strong>solum</strong></span> <span class='ocrx_word' id='word_1_49' title='bbox 740 752 935 792; x_wconf 89' lang='lat' dir='ltr'><strong>verborum</strong></span> <span class='ocrx_word' id='word_1_50' title='bbox 963 766 1100 792; x_wconf 86' lang='lat' dir='ltr'><strong>nexum</strong></span> <span class='ocrx_word' id='word_1_51' title='bbox 1130 751 1371 792; x_wconf 79' lang='lat' dir='ltr'><strong>obscurasse?</strong></span> <span class='ocrx_word' id='word_1_52' title='bbox 1416 753 1513 792; x_wconf 91' lang='lat' dir='ltr'><strong>Mihi</strong></span> <span class='ocrx_word' id='word_1_53' title='bbox 1542 753 1624 803; x_wconf 89' lang='lat' dir='ltr'><strong>qui·</strong></span> 
     </span>
     <span class='ocr_line' id='line_1_8' title="bbox 362 823 1626 877; baseline -0.001 -13"><span class='ocrx_word' id='word_1_54' title='bbox 362 826 444 864; x_wconf 91' lang='lat' dir='ltr'><strong>dem</strong></span> <span class='ocrx_word' id='word_1_55' title='bbox 479 825 669 877; x_wconf 87' lang='lat' dir='ltr'><strong>egregium</strong></span> <span class='ocrx_word' id='word_1_56' title='bbox 707 824 856 863; x_wconf 87' lang='lat' dir='ltr'><strong>videtur</strong></span> <span class='ocrx_word' id='word_1_57' title='bbox 887 824 1085 863; x_wconf 90' lang='lat' dir='ltr'><strong>inventum</strong></span> <span class='ocrx_word' id='word_1_58' title='bbox 1122 828 1160 862; x_wconf 86' lang='lat' dir='ltr'><strong>et</strong></span> <span class='ocrx_word' id='word_1_59' title='bbox 1195 824 1331 863; x_wconf 91' lang='lat' dir='ltr'><strong>summi</strong></span> <span class='ocrx_word' id='word_1_60' title='bbox 1365 823 1438 863; x_wconf 88' lang='lat' dir='ltr'><strong>viri</strong></span> <span class='ocrx_word' id='word_1_61' title='bbox 1475 823 1626 877; x_wconf 88' lang='lat' dir='ltr'><strong>ingenio</strong></span> 
     </span>
     <span class='ocr_line' id='line_1_9' title="bbox 362 889 1628 950; baseline -0.001 -14"><span class='ocrx_word' id='word_1_62' title='bbox 362 897 624 950; x_wconf 88' lang='lat' dir='ltr'><strong>dignissimum</strong></span> <span class='ocrx_word' id='word_1_63' title='bbox 663 902 920 936; x_wconf 84' lang='grc' dir='ltr'>ΚΑΠΑΘΛΛ</span> <span class='ocrx_word' id='word_1_64' title='bbox 962 897 1001 936; x_wconf 87' lang='lat' dir='ltr'><strong>id</strong></span> <span class='ocrx_word' id='word_1_65' title='bbox 1043 901 1100 936; x_wconf 89' lang='lat' dir='ltr'><strong>est</strong></span> <span class='ocrx_word' id='word_1_66' title='bbox 1128 896 1338 946; x_wconf 74' lang='grc' dir='ltr'><em>κᾶπαθλα,</em></span> <span class='ocrx_word' id='word_1_67' title='bbox 1383 897 1484 947; x_wconf 92' lang='lat' dir='ltr'><strong>quod</strong></span> <span class='ocrx_word' id='word_1_68' title='bbox 1512 889 1628 936; x_wconf 88' lang='lat' dir='ltr'><strong>miror</strong></span> 
     </span>
     <span class='ocr_line' id='line_1_10' title="bbox 362 968 1627 1022; baseline 0 -13"><span class='ocrx_word' id='word_1_69' title='bbox 362 969 580 1009; x_wconf 84' lang='lat' dir='ltr'><strong>Nauckium</strong></span> <span class='ocrx_word' id='word_1_70' title='bbox 617 969 656 1009; x_wconf 90' lang='lat' dir='ltr'><strong>in</strong></span> <span class='ocrx_word' id='word_1_71' title='bbox 695 969 858 1009; x_wconf 82' lang='lat' dir='ltr'><strong>editione</strong></span> <span class='ocrx_word' id='word_1_72' title='bbox 890 983 957 1009; x_wconf 82' lang='lat' dir='ltr'><strong>sua</strong></span> <span class='ocrx_word' id='word_1_73' title='bbox 989 983 1107 1022; x_wconf 89' lang='lat' dir='ltr'><strong>neque</strong></span> <span class='ocrx_word' id='word_1_74' title='bbox 1134 968 1316 1022; x_wconf 87' lang='lat' dir='ltr'><strong>recepisse</strong></span> <span class='ocrx_word' id='word_1_75' title='bbox 1343 983 1463 1022; x_wconf 90' lang='lat' dir='ltr'><strong>neque</strong></span> <span class='ocrx_word' id='word_1_76' title='bbox 1491 983 1627 1009; x_wconf 92' lang='lat' dir='ltr'><strong>memo-</strong></span> 
     </span>
    </p>
   </div>
   <div class='ocr_carea' id='block_1_3' title="bbox 363 1042 1628 1168">
    <p class='ocr_par' dir='ltr' id='par_1_3' title="bbox 363 1042 1628 1168">
     <span class='ocr_line' id='line_1_11' title="bbox 363 1042 1628 1095; baseline -0.002 -13"><span class='ocrx_word' id='word_1_77' title='bbox 363 1057 475 1083; x_wconf 84' lang='lat' dir='ltr'><strong>rasse.</strong></span> <span class='ocrx_word' id='word_1_78' title='bbox 532 1044 647 1082; x_wconf 84' lang='lat' dir='ltr'><strong>Recte</strong></span> <span class='ocrx_word' id='word_1_79' title='bbox 674 1042 972 1095; x_wconf 89' lang='lat' dir='ltr'><strong>interpungendo</strong></span> <span class='ocrx_word' id='word_1_80' title='bbox 1001 1043 1262 1093; x_wconf 91' lang='lat' dir='ltr'><strong>unusquisque</strong></span> <span class='ocrx_word' id='word_1_81' title='bbox 1298 1042 1481 1094; x_wconf 82' lang='lat' dir='ltr'><strong>intelliget</strong></span> <span class='ocrx_word' id='word_1_82' title='bbox 1524 1042 1628 1081; x_wconf 80' lang='lat' dir='ltr'><strong>Euri·</strong></span> 
     </span>
     <span class='ocr_line' id='line_1_12' title="bbox 364 1115 686 1168; baseline -0.003 -13"><span class='ocrx_word' id='word_1_83' title='bbox 364 1115 492 1168; x_wconf 87' lang='lat' dir='ltr'><strong>pidem</strong></span> <span class='ocrx_word' id='word_1_84' title='bbox 520 1115 686 1155; x_wconf 86' lang='lat' dir='ltr'><strong>dedisse:</strong></span> 
     </span>
    </p>
   </div>
   <div class='ocr_carea' id='block_1_4' title="bbox 533 1203 1382 1401">
    <p class='ocr_par' dir='ltr' id='par_1_4' title="bbox 533 1203 1382 1401">
     <span class='ocr_line' id='line_1_13' title="bbox 533 1203 1346 1252; baseline -0.001 -8"><span class='ocrx_word' id='word_1_85' title='bbox 533 1235 773 1245; x_wconf 90' lang='grc'><strong>..........</strong></span> <span class='ocrx_word' id='word_1_86' title='bbox 794 1205 841 1248; x_wconf 83' lang='grc' dir='ltr'><strong>ὡς</strong></span> <span class='ocrx_word' id='word_1_87' title='bbox 872 1205 888 1244; x_wconf 85' lang='grc' dir='ltr'><em>ὂ</em></span> <span class='ocrx_word' id='word_1_88' title='bbox 918 1204 1080 1248; x_wconf 82' lang='grc' dir='ltr'><em>κίνδυνος</em></span> <span class='ocrx_word' id='word_1_89' title='bbox 1111 1203 1260 1252; x_wconf 75' lang='grc' dir='ltr'><em>μέγας,</em></span> <span class='ocrx_word' id='word_1_90' title='bbox 1292 1227 1346 1235; x_wconf 89' lang='grc'><strong>-</strong></span> 
     </span>
     <span class='ocr_line' id='line_1_14' title="bbox 533 1277 1380 1327; baseline -0.002 -9"><span class='ocrx_word' id='word_1_91' title='bbox 533 1279 722 1318; x_wconf 76' lang='grc' dir='ltr'><em>κᾶπαθλα</em></span> <span class='ocrx_word' id='word_1_92' title='bbox 752 1277 878 1322; x_wconf 74' lang='grc' dir='ltr'><em>δεινοὶ,</em></span> <span class='ocrx_word' id='word_1_93' title='bbox 910 1277 1055 1327; x_wconf 70' lang='grc' dir='ltr'><em>δάκρυά</em></span> <span class='ocrx_word' id='word_1_94' title='bbox 1085 1292 1140 1317; x_wconf 89' lang='grc' dir='ltr'><strong>σοι</strong></span> <span class='ocrx_word' id='word_1_95' title='bbox 1174 1279 1380 1326; x_wconf 75' lang='grc' dir='ltr'><em>γενήσεται</em></span> 
     </span>
     <span class='ocr_line' id='line_1_15' title="bbox 533 1350 1382 1401; baseline 0 -11"><span class='ocrx_word' id='word_1_96' title='bbox 533 1351 673 1391; x_wconf 79' lang='grc' dir='ltr'><em>δισσοῖν</em></span> <span class='ocrx_word' id='word_1_97' title='bbox 703 1350 876 1401; x_wconf 66' lang='grc' dir='ltr'><em>στερείσῃ</em></span> <span class='ocrx_word' id='word_1_98' title='bbox 905 1351 988 1401; x_wconf 74' lang='grc' dir='ltr'><em>τῇδ’</em></span> <span class='ocrx_word' id='word_1_99' title='bbox 1007 1351 1044 1390; x_wconf 82' lang='grc' dir='ltr'><strong>ἐν</strong></span> <span class='ocrx_word' id='word_1_100' title='bbox 1075 1351 1198 1401; x_wconf 76' lang='grc' dir='ltr'><em>ἡμέρα</em></span> <span class='ocrx_word' id='word_1_101' title='bbox 1225 1350 1382 1391; x_wconf 73' lang='grc' dir='ltr'><em>τέκνοιν.</em></span> 
     </span>
    </p>
   </div>
   <div class='ocr_carea' id='block_1_5' title="bbox 366 1469 1634 1884">
    <p class='ocr_par' dir='ltr' id='par_1_5' title="bbox 366 1469 1601 1522">
     <span class='ocr_line' id='line_1_16' title="bbox 366 1469 1601 1522; baseline -0.001 -12"><span class='ocrx_word' id='word_1_102' title='bbox 366 1470 509 1510; x_wconf 83' lang='lat' dir='ltr'><strong>Revera</strong></span> <span class='ocrx_word' id='word_1_103' title='bbox 539 1470 680 1521; x_wconf 71' lang='lat' dir='ltr'><strong>traqica</strong></span> <span class='ocrx_word' id='word_1_104' title='bbox 708 1474 764 1510; x_wconf 91' lang='lat' dir='ltr'><strong>est</strong></span> <span class='ocrx_word' id='word_1_105' title='bbox 792 1469 882 1509; x_wconf 87' lang='lat' dir='ltr'><strong>haec</strong></span> <span class='ocrx_word' id='word_1_106' title='bbox 910 1471 1012 1519; x_wconf 77' lang='grc' dir='ltr'><em>ῥῆσις</em></span> <span class='ocrx_word' id='word_1_107' title='bbox 1043 1483 1089 1509; x_wconf 91' lang='lat' dir='ltr'><strong>en</strong></span> <span class='ocrx_word' id='word_1_108' title='bbox 1117 1469 1156 1508; x_wconf 92' lang='lat' dir='ltr'><strong>in</strong></span> <span class='ocrx_word' id='word_1_109' title='bbox 1186 1469 1315 1522; x_wconf 88' lang='lat' dir='ltr'><strong>paucis</strong></span> <span class='ocrx_word' id='word_1_110' title='bbox 1343 1469 1601 1522; x_wconf 86' lang='lat' dir='ltr'><strong>pulcherrima.</strong></span> 
     </span>
    </p>

    <p class='ocr_par' dir='ltr' id='par_1_6' title="bbox 366 1529 1634 1884">
     <span class='ocr_line' id='line_1_17' title="bbox 422 1529 1631 1593; baseline -0.002 -12"><span class='ocrx_word' id='word_1_111' title='bbox 422 1549 437 1580; x_wconf 95' lang='lat' dir='ltr'>I</span> <span class='ocrx_word' id='word_1_112' title='bbox 467 1547 506 1581; x_wconf 87' lang='lat' dir='ltr'><strong>et</strong></span> <span class='ocrx_word' id='word_1_113' title='bbox 534 1549 559 1580; x_wconf 97' lang='lat' dir='ltr'>P</span> <span class='ocrx_word' id='word_1_114' title='bbox 592 1542 770 1581; x_wconf 87' lang='lat' dir='ltr'><strong>confundi</strong></span> <span class='ocrx_word' id='word_1_115' title='bbox 804 1541 994 1580; x_wconf 88' lang='lat' dir='ltr'><strong>ostendam</strong></span> <span class='ocrx_word' id='word_1_116' title='bbox 1023 1541 1192 1593; x_wconf 85' lang='lat' dir='ltr'><strong>exempla</strong></span> <span class='ocrx_word' id='word_1_117' title='bbox 1219 1541 1405 1580; x_wconf 84' lang='lat' dir='ltr'><strong>afferendo</strong></span> <span class='ocrx_word' id='word_1_118' title='bbox 1439 1555 1485 1580; x_wconf 88' lang='lat' dir='ltr'><strong>ex</strong></span> <span class='ocrx_word' id='word_1_119' title='bbox 1512 1529 1631 1580; x_wconf 89' lang='lat' dir='ltr'><strong>aureis</strong></span> 
     </span>
     <span class='ocr_line' id='line_1_18' title="bbox 366 1613 1632 1655; baseline -0.002 -1"><span class='ocrx_word' id='word_1_120' title='bbox 366 1615 536 1655; x_wconf 88' lang='lat' dir='ltr'><strong>Piersoni</strong></span> <span class='ocrx_word' id='word_1_121' title='bbox 574 1613 895 1654; x_wconf 83' lang='lat' dir='ltr'><strong>observationibus</strong></span> <span class='ocrx_word' id='word_1_122' title='bbox 933 1614 980 1653; x_wconf 85' lang='lat' dir='ltr'><strong>ad</strong></span> <span class='ocrx_word' id='word_1_123' title='bbox 1008 1613 1225 1653; x_wconf 84' lang='lat' dir='ltr'><strong>Moeridem.</strong></span> <span class='ocrx_word' id='word_1_124' title='bbox 1282 1613 1461 1653; x_wconf 90' lang='lat' dir='ltr'><strong>Mendum</strong></span> <span class='ocrx_word' id='word_1_125' title='bbox 1497 1618 1554 1652; x_wconf 91' lang='lat' dir='ltr'><strong>est</strong></span> <span class='ocrx_word' id='word_1_126' title='bbox 1586 1627 1632 1652; x_wconf 85' lang='lat' dir='ltr'><strong>ex</strong></span> 
     </span>
     <span class='ocr_line' id='line_1_19' title="bbox 368 1685 1634 1738; baseline 0 -13"><span class='ocrx_word' id='word_1_127' title='bbox 368 1686 630 1738; x_wconf 83' lang='lat' dir='ltr'><strong>antiquissima</strong></span> <span class='ocrx_word' id='word_1_128' title='bbox 671 1686 853 1738; x_wconf 87' lang='lat' dir='ltr'><strong>scriptura</strong></span> <span class='ocrx_word' id='word_1_129' title='bbox 903 1686 1004 1737; x_wconf 89' lang='lat' dir='ltr'><strong>quod</strong></span> <span class='ocrx_word' id='word_1_130' title='bbox 1048 1699 1123 1725; x_wconf 92' lang='lat' dir='ltr'><strong>non</strong></span> <span class='ocrx_word' id='word_1_131' title='bbox 1166 1685 1336 1725; x_wconf 85' lang='lat' dir='ltr'><strong>librarios</strong></span> <span class='ocrx_word' id='word_1_132' title='bbox 1378 1689 1525 1725; x_wconf 88' lang='lat' dir='ltr'><strong>tantum</strong></span> <span class='ocrx_word' id='word_1_133' title='bbox 1568 1686 1634 1725; x_wconf 87' lang='lat' dir='ltr'><strong>sed</strong></span> 
     </span>
     <span class='ocr_line' id='line_1_20' title="bbox 368 1758 1633 1811; baseline -0.001 -13"><span class='ocrx_word' id='word_1_134' title='bbox 368 1759 630 1811; x_wconf 85' lang='lat' dir='ltr'><strong>grammaticos</strong></span> <span class='ocrx_word' id='word_1_135' title='bbox 659 1759 773 1798; x_wconf 85' lang='lat' dir='ltr'><strong>etiam</strong></span> <span class='ocrx_word' id='word_1_136' title='bbox 807 1763 845 1797; x_wconf 90' lang='lat' dir='ltr'><strong>et</strong></span> <span class='ocrx_word' id='word_1_137' title='bbox 872 1759 1154 1811; x_wconf 88' lang='lat' dir='ltr'><strong>lexicographos</strong></span> <span class='ocrx_word' id='word_1_138' title='bbox 1183 1758 1341 1797; x_wconf 89' lang='lat' dir='ltr'><strong>subinde</strong></span> <span class='ocrx_word' id='word_1_139' title='bbox 1370 1759 1515 1798; x_wconf 85' lang='lat' dir='ltr'><strong>fefellit.</strong></span> <span class='ocrx_word' id='word_1_140' title='bbox 1562 1759 1633 1797; x_wconf 90' lang='lat' dir='ltr'><strong>Po·</strong></span> 
     </span>
     <span class='ocr_line' id='line_1_21' title="bbox 370 1831 927 1884; baseline 0.002 -14"><span class='ocrx_word' id='word_1_141' title='bbox 370 1831 447 1871; x_wconf 88' lang='lat' dir='ltr'><strong>suit</strong></span> <span class='ocrx_word' id='word_1_142' title='bbox 475 1831 687 1884; x_wconf 80' lang='lat' dir='ltr'><strong>Hesychius</strong></span> <span class='ocrx_word' id='word_1_143' title='bbox 716 1845 785 1871; x_wconf 90' lang='lat' dir='ltr'><strong>sua</strong></span> <span class='ocrx_word' id='word_1_144' title='bbox 814 1831 927 1871; x_wconf 88' lang='lat' dir='ltr'><strong>serie:</strong></span> 
     </span>
    </p>
   </div>
   <div class='ocr_carea' id='block_1_6' title="bbox 687 1940 1319 2063">
    <p class='ocr_par' dir='ltr' id='par_1_7' title="bbox 687 1940 1319 2063">
     <span class='ocr_line' id='line_1_22' title="bbox 691 1940 1319 1994; baseline 0 -14"><span class='ocrx_word' id='word_1_145' title='bbox 691 1941 861 1991; x_wconf 82' lang='grc' dir='ltr'><em>Ὀτρέα</em></span> <span class='ocrx_word' id='word_1_146' title='bbox 893 1941 952 1994; x_wconf 91' lang='lat' dir='ltr'><strong>(L.</strong></span> <span class='ocrx_word' id='word_1_147' title='bbox 984 1940 1127 1993; x_wconf 82' lang='grc' dir='ltr'><em>Οὐρέα)</em></span> <span class='ocrx_word' id='word_1_148' title='bbox 1158 1940 1319 1989; x_wconf 75' lang='grc' dir='ltr'><em>ἡμίονον.</em></span> 
     </span>
     <span class='ocr_line' id='line_1_23' title="bbox 687 2013 1108 2063; baseline 0 -11"><span class='ocrx_word' id='word_1_149' title='bbox 687 2014 856 2063; x_wconf 85' lang='grc' dir='ltr'><em>’Όρεσι</em></span> <span class='ocrx_word' id='word_1_150' title='bbox 887 2013 1108 2063; x_wconf 78' lang='grc' dir='ltr'><em>προβοέτοις.</em></span> 
     </span>
    </p>
   </div>
   <div class='ocr_carea' id='block_1_7' title="bbox 376 2121 1685 2543">
    <p class='ocr_par' dir='ltr' id='par_1_8' title="bbox 431 2121 1256 2174">
     <span class='ocr_line' id='line_1_24' title="bbox 431 2121 1256 2174; baseline 0 -13"><span class='ocrx_word' id='word_1_151' title='bbox 431 2122 539 2161; x_wconf 68' lang='lat' dir='ltr'><strong>orem</strong></span> <span class='ocrx_word' id='word_1_152' title='bbox 569 2125 668 2161; x_wconf 88' lang='lat' dir='ltr'><strong>recte</strong></span> <span class='ocrx_word' id='word_1_153' title='bbox 696 2122 899 2161; x_wconf 88' lang='lat' dir='ltr'><strong>Piersonus</strong></span> <span class='ocrx_word' id='word_1_154' title='bbox 930 2121 1002 2173; x_wconf 87' lang='lat' dir='ltr'><strong>(ed.</strong></span> <span class='ocrx_word' id='word_1_155' title='bbox 1032 2135 1118 2174; x_wconf 85' lang='lat' dir='ltr'><strong>pag.</strong></span> <span class='ocrx_word' id='word_1_156' title='bbox 1148 2122 1256 2174; x_wconf 82' lang='lat'>274).</span> 
     </span>
    </p>

    <p class='ocr_par' dir='ltr' id='par_1_9' title="bbox 376 2190 1685 2543">
     <span class='ocr_line' id='line_1_25' title="bbox 429 2190 1639 2248; baseline 0.001 -14"><span class='ocrx_word' id='word_1_157' title='bbox 429 2195 535 2235; x_wconf 88' lang='lat' dir='ltr'><strong>Idem</strong></span> <span class='ocrx_word' id='word_1_158' title='bbox 578 2194 788 2248; x_wconf 84' lang='lat' dir='ltr'><strong>Hesychius</strong></span> <span class='ocrx_word' id='word_1_159' title='bbox 831 2194 1005 2235; x_wconf 83' lang='lat' dir='ltr'><strong>exhibet:</strong></span> <span class='ocrx_word' id='word_1_160' title='bbox 1049 2196 1067 2244; x_wconf 83' lang='grc' dir='ltr'><em>ῥ</em></span> <span class='ocrx_word' id='word_1_161' title='bbox 1077 2193 1185 2244; x_wconf 64' lang='lat' dir='ltr'><strong>spor!</strong></span> <span class='ocrx_word' id='word_1_162' title='bbox 1194 2195 1274 2240; x_wconf 88' lang='grc' dir='ltr'><strong>δα,</strong></span> <span class='ocrx_word' id='word_1_163' title='bbox 1317 2190 1343 2243; x_wconf 82' lang='grc' dir='ltr'><em>ᾧ</em></span> <span class='ocrx_word' id='word_1_164' title='bbox 1381 2195 1424 2235; x_wconf 82' lang='grc' dir='ltr'><strong>τὸ</strong></span> <span class='ocrx_word' id='word_1_165' title='bbox 1463 2198 1537 2246; x_wconf 80' lang='grc' dir='ltr'><strong>πῦρ</strong></span> <span class='ocrx_word' id='word_1_166' title='bbox 1578 2197 1639 2235; x_wconf 82' lang='grc' dir='ltr'><strong>ἐκ-</strong></span> 
     </span>
     <span class='ocr_line' id='line_1_26' title="bbox 376 2267 1685 2317; baseline 0.002 -11"><span class='ocrx_word' id='word_1_167' title='bbox 376 2267 545 2313; x_wconf 62' lang='lat' dir='ltr'><strong>›coelom-13</strong></span> <span class='ocrx_word' id='word_1_168' title='bbox 575 2268 675 2307; x_wconf 90' lang='lat' dir='ltr'><strong>idem</strong></span> <span class='ocrx_word' id='word_1_169' title='bbox 702 2268 905 2308; x_wconf 88' lang='lat' dir='ltr'><strong>Piersonus</strong></span> <span class='ocrx_word' id='word_1_170' title='bbox 932 2268 1105 2317; x_wconf 77' lang='grc' dir='ltr'><em>ῥειπίδα,</em></span> <span class='ocrx_word' id='word_1_171' title='bbox 1136 2268 1279 2317; x_wconf 73' lang='grc' dir='ltr'><em>ῥιπίδα.</em></span> <span class='ocrx_word' id='word_1_172' title='bbox 1681 2313 1685 2316; x_wconf 17' lang='grc' dir='ltr'><strong><em>Δ</em></strong></span> 
     </span>
     <span class='ocr_line' id='line_1_27' title="bbox 431 2340 1642 2396; baseline 0.003 -17"><span class='ocrx_word' id='word_1_173' title='bbox 431 2340 525 2392; x_wconf 86' lang='lat' dir='ltr'><strong>Pag.</strong></span> <span class='ocrx_word' id='word_1_174' title='bbox 556 2341 632 2379; x_wconf 83' lang='lat'><strong>128</strong></span> <span class='ocrx_word' id='word_1_175' title='bbox 662 2341 791 2380; x_wconf 90' lang='lat' dir='ltr'><strong>eodem</strong></span> <span class='ocrx_word' id='word_1_176' title='bbox 819 2341 931 2381; x_wconf 91' lang='lat' dir='ltr'><strong>modo</strong></span> <span class='ocrx_word' id='word_1_177' title='bbox 954 2341 1125 2380; x_wconf 85' lang='lat' dir='ltr'><strong>emendat</strong></span> <span class='ocrx_word' id='word_1_178' title='bbox 1146 2341 1395 2394; x_wconf 81' lang='lat' dir='ltr'><strong>fragmentum</strong></span> <span class='ocrx_word' id='word_1_179' title='bbox 1424 2343 1642 2396; x_wconf 87' lang='lat' dir='ltr'><strong>Aristopha—</strong></span> 
     </span>
     <span class='ocr_line' id='line_1_28' title="bbox 377 2412 1644 2466; baseline 0.003 -14"><span class='ocrx_word' id='word_1_180' title='bbox 377 2413 436 2453; x_wconf 89' lang='lat' dir='ltr'><strong>nis</strong></span> <span class='ocrx_word' id='word_1_181' title='bbox 459 2412 559 2466; x_wconf 83' lang='lat' dir='ltr'><strong>apud</strong></span> <span class='ocrx_word' id='word_1_182' title='bbox 584 2413 842 2454; x_wconf 85' lang='lat' dir='ltr'><strong>Ammonium:</strong></span> <span class='ocrx_word' id='word_1_183' title='bbox 872 2414 1069 2463; x_wconf 78' lang='grc' dir='ltr'><em>διέφθορας</em></span> <span class='ocrx_word' id='word_1_184' title='bbox 1098 2415 1163 2454; x_wconf 75' lang='grc' dir='ltr'><strong>τὸν</strong></span> <span class='ocrx_word' id='word_1_185' title='bbox 1187 2413 1320 2465; x_wconf 76' lang='grc' dir='ltr'><em>ὅρκον</em></span> <span class='ocrx_word' id='word_1_186' title='bbox 1350 2418 1468 2464; x_wconf 75' lang='grc' dir='ltr'><strong><em>ἡμῶν.</em></strong></span> <span class='ocrx_word' id='word_1_187' title='bbox 1504 2417 1644 2456; x_wconf 87' lang='lat' dir='ltr'><strong>Suadet</strong></span> 
     </span>
     <span class='ocr_line' id='line_1_29' title="bbox 379 2483 1645 2543; baseline 0.004 -18"><span class='ocrx_word' id='word_1_188' title='bbox 379 2486 464 2526; x_wconf 90' lang='lat' dir='ltr'><strong>ille:</strong></span> <span class='ocrx_word' id='word_1_189' title='bbox 494 2486 559 2525; x_wconf 80' lang='grc' dir='ltr'><strong>τὸν</strong></span> <span class='ocrx_word' id='word_1_190' title='bbox 586 2483 732 2525; x_wconf 82' lang='grc' dir='ltr'><em>οἷκον.</em></span> <span class='ocrx_word' id='word_1_191' title='bbox 790 2486 986 2526; x_wconf 85' lang='lat' dir='ltr'><strong>Caeterum</strong></span> <span class='ocrx_word' id='word_1_192' title='bbox 1022 2487 1129 2540; x_wconf 88' lang='lat' dir='ltr'><strong>plura</strong></span> <span class='ocrx_word' id='word_1_193' title='bbox 1163 2503 1208 2528; x_wconf 86' lang='lat' dir='ltr'><strong>ex</strong></span> <span class='ocrx_word' id='word_1_194' title='bbox 1236 2488 1307 2528; x_wconf 89' lang='lat' dir='ltr'><strong>hoc</strong></span> <span class='ocrx_word' id='word_1_195' title='bbox 1335 2503 1467 2542; x_wconf 88' lang='lat' dir='ltr'><strong>genere</strong></span> <span class='ocrx_word' id='word_1_196' title='bbox 1495 2490 1645 2543; x_wconf 83' lang='lat' dir='ltr'><strong>collegit</strong></span> 
     </span>
    </p>
   </div>
  </div>
 </body>
</html>
