1937 3075
1020 259 1068 296 18

414 384 589 439 Orpheus
625 386 743 425 edixit
775 386 949 427 neminem
987 387 1094 440 effari
1130 387 1306 438 erieepeo,
1344 387 1606 426 suavissimum
1636 387 1675 426 in

415 459 568 498 modum
602 459 755 499 meliora
784 460 892 499 docet
930 460 1122 499 Bentleius
1154 460 1220 511 qui
1248 464 1409 499 veterem
1444 474 1487 499 ac.
1522 460 1675 512 probam

414 530 617 572 lectionem
647 532 753 584 quasi
781 532 982 586 fugitivam
1011 532 1167 572 reducit.
1223 531 1438 572 Certissima
1471 537 1527 573 est
1555 546 1673 573 emen-

416 604 518 643 datio
539 609 582 643 ut
605 619 713 644 nemo
737 606 898 658 amplius
923 605 1093 643 dubitare
1116 606 1252 657 possit:
1281 603 1323 644 οὗ
1343 605 1460 652 ὄνομα
1478 606 1675 655 ὁὈρφεὺς

417 677 588 720 ἀκούσας
618 679 660 716 ἐκ
690 682 757 722 τῆς
787 677 976 724 μαντείας
1009 676 1138 722 ἐξεῖπε
1172 682 1286 724 μῆτιν
1314 675 1550 760 Ιοὶφιένικιτοι
1602 681 1677 727 ἦρι-

1474 735 1494 762 ἠ

420 801 553 826 nemon
580 789 625 837 1).
668 787 811 827 Deinde
839 787 966 839 paullo
995 786 1092 825 infra
1120 788 1227 839 plane
1254 787 1383 828 eodem
1410 789 1520 828 modo
1549 790 1678 828 multis

493 847 530 870 ατ

419 896 563 937 mendis
596 896 729 936 liberat
757 896 1010 950 Hesychium,
1046 896 1111 935 sed
1138 896 1223 936 nolo
1256 897 1362 950 plura
1399 898 1461 938 hic
1500 899 1680 939 ascribere

420 983 516 1020 quae
557 969 635 1022 ipse
677 970 873 1008 Bentleius
922 969 1193 1022 elegantissime
1239 970 1478 1011 demonstrat.
1544 972 1679 1011 Statim

418 1042 537 1093 igitur
564 1055 678 1094 pergo
701 1042 748 1081 ad
772 1042 898 1081 nobile
927 1042 1120 1080 inventum
1135 1041 1394 1081 Valokenaerii
1417 1042 1566 1094 (Coroll.
1586 1043 1679 1083 Crit.

418 1127 457 1166 p.
487 1115 597 1165 286).
1414 1159 1421 1166 ,

476 1185 651 1226 Occurrit
678 1186 719 1225 in
746 1186 907 1225 Scholiis
934 1186 1049 1227 MSS.
1079 1187 1125 1226 ad
1149 1186 1354 1239 Odysseam
1384 1189 1434 1237 (Λ
1464 1189 1555 1239 134)
1586 1189 1682 1240 frag-

421 1262 589 1297 mentum
632 1272 675 1297 ex
720 1257 895 1310 Aeschyli
943 1263 1210 1308 Ψυχοιγωγοῖς
1261 1259 1306 1299 de
1358 1263 1474 1299 morte
1515 1259 1681 1313 Ulyssis:

424 1332 588 1380 ἐρρωδιὸς
633 1332 711 1380 γὰρ
755 1330 890 1379 ὑψόθεν
931 1332 1143 1379 ποτώμενος
1197 1331 1234 1371 ὃν
1282 1333 1377 1376 θ’ὥς
1420 1332 1609 1379 ἔνι-λῆξεν,
1661 1335 1680 1378 ἡ

424 1404 455 1442 δ’
484 1404 560 1447 υἱὸς
595 1404 838 1452 χειλώμασιν
869 1419 904 1442 κ.
927 1419 964 1443 τ.
987 1414 1025 1443 λ.
1087 1405 1530 1445 Monet'Valckenaerius
1568 1406 1685 1458 (quod

426 1489 535 1516 nemo
572 1476 712 1515 infitias
751 1477 837 1528 ibit)
878 1477 1053 1515 dramatis
1082 1481 1339 1529 argumentum
1376 1478 1557 1529 Aeschylo
1585 1492 1686 1530 prae-

425 1548 551 1588 buisse
588 1549 744 1589 Homeri
786 1550 954 1588 Νέκυικν
994 1554 1106 1601 atque
1142 1550 1214 1589 ista
1253 1550 1362 1589 verba
1398 1564 1477 1589 esse
1513 1550 1688 1591 Tiresiae.

432 1621 493 1661 Ad
530 1621 626 1661 hanc
663 1622 785 1661 lucem
822 1622 977 1662 salutem
1014 1622 1120 1661 affert
1153 1622 1273 1662 verbis
1306 1622 1446 1662 dudum
1476 1622 1688 1676 desperatis.

432 1693 572 1734 Suadet
600 1695 719 1734 enim:

599 1791 761 1840 ἐρρωδιὸς
794 1791 950 1843 (ἑρωδιὸς
962 1791 998 1843 ,7)
1028 1790 1104 1840 γὰρ
1137 1790 1273 1840 ὑψόθεν
1302 1792 1515 1840 ποτώμενος

608 1865 694 1913 &uoq-2
725 1880 768 1904 σε
798 1864 936 1910 πλήξει
967 1863 1094 1909 νηδύος
1124 1860 1379 1913 χειλώμοιὸ-ιν.

1174 1922 1186 1940 Ιι

493 1970 591 2009 Fieri
620 1972 746 2021 potest
773 1973 817 2007 ut
846 1968 904 2006 vel
933 1967 986 2006 sic
1014 1981 1087 2006 non
1116 1981 1294 2020 agnoscas
1321 1970 1498 2021 tragicam
1528 1969 1695 2008 sublimi-

439 2047 554 2083 tatem
588 2046 626 2082 et
653 2040 985 2094 magnificentiam,
1016 2054 1144 2080 verum
1173 2041 1265 2092 quid
1294 2055 1438 2091 censes,
1473 2056 1595 2082 nonne
1621 2043 1696 2095 pal-

441 2129 539 2155 mam
581 2115 676 2154 ferre
717 2113 788 2153 tibi
822 2113 969 2152 videtur
1003 2116 1187 2152 corrector
1222 2114 1459 2153 acutissimus
1501 2119 1538 2153 et
1580 2115 1696 2154 felix?

496 2187 693 2227 Caeterum
715 2186 832 2225 multa
855 2185 990 2224 similia
1013 2199 1058 2225 ex
1086 2186 1252 2237 professo
1273 2186 1475 2226 ostendunt
1501 2187 1698 2239 populares

444 2259 562 2300 nostri
599 2258 825 2299 Guilielmus
852 2257 1034 2298 Canterus
1068 2256 1186 2310 (Nov.
1214 2258 1319 2299 Lect.
1346 2257 1432 2299 Lib.
1461 2258 1508 2308 V,
1536 2258 1627 2312 Cap.
1660 2261 1697 2312 1)

488 2490 511 2531 ¹)
550 2487 602 2523 Of.
624 2486 703 2532 Cap.
727 2487 776 2521 ΙΙ.
