1937 3075
926 259 975 297 79

326 389 370 424 ut
399 386 579 438 distingui
614 389 824 437 nequeant,
860 386 914 425 sic
936 387 1000 424 ἀν·
1029 391 1067 425 et
1099 387 1165 425 σὺν
1195 391 1232 426 et
1260 388 1319 426 εὖ·
1350 400 1498 437 quoque
1524 385 1581 424 in·

325 457 471 497 terdum
499 458 639 499 iudicio
664 457 783 510 magis
813 470 923 509 quam
952 457 1067 497 oculis
1088 457 1194 498 nobis
1219 458 1458 497 discernenda
1481 461 1581 496 sunt.

325 530 494 583 Exempli
535 544 643 570 causa
685 531 866 570 maculam
907 531 1079 570 indicabo
1121 535 1159 570 et
1196 531 1305 570 simul
1343 531 1580 584 abstergebo,

325 616 421 654 quae
448 603 568 642 adhuc
595 602 741 642 obsidet
769 603 1011 643 Plutarchum
1039 603 1080 642 in
1108 603 1185 642 vita
1212 602 1320 642 Fabii
1348 603 1582 643 Cunctatoris

324 674 414 728 Cap.
444 674 564 724 XVI,
594 676 689 715 med.
712 674 789 714 '‘Hv
817 676 855 715 δὲ
880 676 927 715 δι’
948 674 1113 724 αἵματος
1146 676 1306 720 πλῆθος,
1345 671 1370 724 ᾧ
1408 675 1582 715 συνεπέ-

323 751 444 798 φυρτο
473 749 542 793 τὴν
571 749 749 797 κεφαλὴν
780 750 844 788 καὶ
874 750 917 788 τὸ
946 749 1162 798 πρόσωπον,
1198 750 1238 788 οὐ
1268 754 1425 793 πολλοῖς
1454 747 1583 794 διάδη-

323 830 401 865 λος.
458 822 704 874 Quantocyus
745 836 880 875 repone
922 822 1172 871 ἀνεπέφυρτο
1215 822 1315 874 quod
1350 821 1503 861 verbum
1541 822 1581 860 in

324 894 460 934 talibus
487 894 596 934 unice
626 909 754 934 verum
783 909 862 935 esse
888 910 964 935 non
993 909 1088 948 opus
1116 899 1172 935 est
1200 895 1343 935 docere.

377 968 490 1019 Apud
519 966 747 1019 Hesychium
774 967 914 1020 legitur
941 971 1232 1018 συμφῦσαι,
1260 966 1433 1016 ἀνάφαι.

376 1038 510 1078 Editor
543 1039 590 1078 ad
617 1039 775 1080 calcem:
817 1038 974 1088 ''Malim
1009 1040 1196 1090 συνάψαι.
1255 1040 1367 1090 Quod
1395 1044 1496 1079 certo
1523 1043 1580 1078 est

322 1112 472 1151 certius.

375 1184 570 1223 Praeterea
597 1185 672 1223 ἀνα
702 1185 942 1225 confunditur
971 1199 1055 1225 cum
1084 1186 1173 1225 ἀπὸ
1205 1185 1444 1238 (ἀν’-ἀπ’)
1474 1184 1575 1236 quod

320 1257 564 1296 inveteratum
592 1258 724 1296 vitium
753 1273 831 1298 esse
858 1263 981 1310 potest
1000 1273 1046 1298 ex
1069 1260 1250 1311 scriptura
1280 1256 1431 1298 unciali.
1461 1259 1575 1297 Ἀνα·

319 1329 486 1379 γορεύειν
516 1333 553 1370 et
579 1330 834 1380 ἀπαγορεύειν
871 1331 950 1384 ipse
991 1330 1072 1384 plus
1109 1331 1221 1371 semel
1252 1334 1460 1384 permutata
1496 1330 1575 1369 vidi

319 1403 360 1441 in
401 1404 528 1441 codice
569 1404 797 1455 Thucydidis
841 1404 1015 1442 Leidensi
1062 1405 1124 1455 (cf.
1168 1404 1289 1443 Koen.
1331 1404 1378 1442 ad
1420 1404 1573 1454 Gregor.

317 1488 355 1527 p.
384 1476 492 1527 494).
551 1475 625 1514 Hic
652 1475 729 1515 illic
757 1475 937 1515 editiones
965 1475 1138 1515 exhibent
1166 1475 1452 1523 ἀπαγγέλλειν
1480 1488 1574 1514 nun-

318 1547 412 1585 tiare
443 1547 507 1586 ubi
535 1547 730 1586 verborum
760 1547 943 1586 sententia
971 1548 1077 1586 enixe
1106 1548 1271 1600 postulat
1299 1547 1572 1594 ἀναγγέλλειν

315 1620 542 1660 renuntiare.
599 1620 711 1673 Apud
752 1619 987 1660 Herodotum
1026 1634 1058 1660 e.
1084 1634 1116 1660 c.
1155 1619 1239 1660 Lib.
1268 1619 1308 1668 I,
1351 1618 1440 1672 Cap.
1483 1619 1572 1659 127.

316 1693 541 1740 Ἀστυάγης
568 1694 606 1732 δὲ
632 1694 678 1735 ὡς
709 1693 864 1731 ἐπύθετο
897 1697 1011 1742 Κῦρον
1051 1694 1269 1739 πρήσσοντα
1295 1696 1445 1736 ταῦτα,
1470 1692 1571 1738 πέμ-

314 1771 396 1817 ψας
427 1765 599 1816 ἄγγελον
629 1764 767 1807 ε’κάλεε
796 1765 925 1806 αὐτόν.
956 1766 973 1806 o‘
1004 1766 1042 1807 δὲ
1071 1768 1185 1816 Κῦρος
1214 1764 1365 1806 ἐκέλευε
1399 1765 1462 1805 τὸν
1494 1763 1572 1814 ἄγ-

313 1849 428 1888 γελον
446 1839 745 1888 ἀπαγγέλλειν.
776 1841 928 1880 Numne
950 1839 1223 1888 ἀναγγέλλειν
1240 1840 1352 1878 iussit
1373 1839 1572 1879 nuntium?

367 1914 458 1953 ἀνα
488 1928 554 1967 pro
583 1913 695 1953 ἀντὶ
726 1913 864 1966 legitur
892 1913 974 1953 vice
1001 1927 1103 1953 versa
1131 1912 1172 1952 in
1206 1911 1326 1952 verbis
1355 1911 1571 1964 compositis

310 1985 556 2035 ἀνατρέπειν,
595 1985 852 2036 ἀναστρέφειν
891 1990 928 2025 et
960 1985 1241 2035 ἀντιστρέφειν.
1300 1985 1450 2024 Errores
1488 1997 1569 2036 per-

309 2059 446 2100 multos
491 2059 532 2099 in
572 2058 738 2101 Luciano
780 2073 825 2100 ex
867 2059 937 2099 hac
979 2058 1198 2099 confusione
1238 2060 1346 2097 natos
1385 2055 1569 2096 indicavit

309 2132 474 2173 Cobetus
499 2133 587 2173 Var.
616 2133 720 2173 Leet.
749 2147 787 2185 p.
820 2134 910 2172 146.
965 2132 1058 2172 Luc.
1078 2145 1149 2182 pro
1172 2131 1277 2181 lapsu
1303 2130 1343 2169 δα
1368 2130 1568 2170 salutando

307 2206 329 2258 ᾧ
362 2208 409 2245 10
439 2202 520 2246 esc.
563 2206 762 2258 legendum
805 2210 878 2246 est:
926 2205 989 2245 καὶ
1036 2204 1052 2243 ὃ
1095 2209 1337 2251 Πτολεμαῖος
1385 2202 1565 2253 Σελεύκῳ

306 2277 541 2317 ἐπιστέλλων
586 2281 723 2328 σαφῶς
764 2277 1017 2328 ἀντέστρεφε
1052 2277 1121 2322 τὴν
1154 2275 1278 2323 faigm.
1336 2275 1437 2314 Nam
1470 2277 1565 2315 ἀνα-

305 2351 483 2400 στρέφειν
510 2351 728 2403 simpliciter
751 2351 938 2403 significat
968 2355 1125 2398 vertere,
1156 2349 1436 2399 ἀντιστρέφειν,
1465 2351 1565 2402 quod

304 2423 366 2463 hic
386 2423 600 2475 requiritur,
631 2424 669 2462 in
697 2422 920 2462 contrarium
948 2427 1097 2462 vertere.

358 2496 538 2536 Similiter
566 2496 708 2537 scribae
734 2499 935 2549 peccarunt
961 2496 1003 2535 in
1026 2495 1289 2549 Xenophontis
1317 2494 1565 2549 Cyropaedjae
