1937 3075
998 269 1051 306 84

454 397 689 436 Comissatum
718 399 812 435 enim
840 398 892 435 ad
927 411 1003 436 eam
1037 397 1135 436 venit
1174 396 1253 434 sine
1291 395 1363 434 ullo
1400 394 1514 434 dubio
1543 394 1658 447 signi—

392 469 499 509 ficat:
529 469 725 520 κωμάζει,
757 470 976 520 κωμάζουσι
1006 470 1082 518 γὰρ
1113 469 1230 518 πρὸς
1258 469 1399 512 αὐτὴν,
1431 467 1516 507 libri
1546 467 1656 506 MSS.

393 545 431 581 et
463 542 646 583 editiones
676 545 728 587 εἷς
760 545 879 588 αὐτὴν
910 543 1012 594 quod
1041 542 1207 582 defendit
1230 541 1432 581 Dorvillius
1457 540 1495 579 in
1515 539 1656 579 Charit.

392 629 430 666 p.
459 617 537 655 401
562 617 607 667 1).

447 687 629 740 Aliaeque
648 688 759 727 aliud
781 689 913 727 donum
935 689 1063 740 affert,
1094 687 1234 726 Graece
1257 687 1415 726 dicitur:
1445 687 1509 725 καὶ
1533 685 1671 736 ἄλλος,

392 758 492 799 ἄλλο
530 761 639 810 δῶρον
679 760 933 811 προσφέρει,
978 760 1124 800 codices
1163 759 1380 809 ἀποφέρει.
1439 759 1655 800 Editoribus

393 832 446 871 nil
475 833 653 873 suboluit.

444 906 579 945 Paullo
617 907 733 947 infra:
774 937 782 947 .
802 937 811 947 .
829 937 838 946 .
857 937 866 946 .
882 907 1044 946 Siculam
1079 911 1230 955 vestem,
1266 921 1467 958 aurumque
1506 907 1655 958 insuper

390 979 425 1017 ei
451 979 581 1019 mittis.
639 979 780 1019 Graeca
814 980 905 1018 haec
939 979 1059 1031 magis
1095 983 1182 1018 sunt
1226 992 1337 1030 quam
1380 978 1534 1018 Latina:
1586 978 1650 1017 καὶ

390 1050 543 1099 χρυσίον
574 1052 755 1099 ἑπ“αὐτῷ
785 1050 952 1097 πέμπεις
984 1051 1063 1090 sive
1092 1066 1121 1090 π
1132 1051 1381 1099 μου-πέμπεις
1418 1050 1518 1102 quod
1549 1064 1652 1103 prae-

388 1128 474 1162 stat.
531 1124 668 1162 Editur
696 1123 960 1170 εἷο-πέμπεις.

447 1196 552 1236 Inter
594 1196 812 1249 compendia
856 1196 992 1248 quibus
1021 1196 1263 1249 designantur
1304 1196 1437 1245 παρὰ
1475 1201 1513 1235 et
1548 1197 1648 1244 περὶ

390 1269 588 1308 discrimen
627 1273 683 1308 est
733 1269 975 1321 perexiguum
1028 1259 1118 1321 (πὅ
1145 1268 1340 1317 -τ-παιρᾶ,
1384 1254 1650 1321 πει-περί).

389 1342 538 1395 Nempe
567 1342 607 1381 in
635 1342 856 1394 compendio
891 1341 1025 1389 πικροὶ
1064 1340 1173 1381 litera
1203 1356 1233 1379 π
1262 1340 1333 1380 sibi
1362 1341 1649 1393 suprascriptam

390 1415 505 1454 habet
542 1416 699 1466 figuram
735 1428 831 1465 quae
862 1414 961 1452 valet
997 1429 1065 1462 cap.
1121 1413 1278 1459 Eadem,
1322 1414 1410 1452 licet
1446 1414 1648 1465 paullulum

390 1487 608 1535 immutata,
658 1487 763 1526 facile
813 1487 1027 1539 agnoscitur
1069 1487 1106 1526 in
1149 1486 1369 1539 compendio
1411 1487 1473 1534 γόι
1483 1501 1500 1536 ρ
1546 1486 1648 1539 (Vid.

389 1560 479 1612 Cap.
507 1560 613 1612 VII).
672 1559 841 1599 Alterum
885 1559 1145 1611 compendium
1187 1558 1281 1598 nihil
1315 1559 1416 1598 aliud
1454 1563 1510 1598 est
1539 1573 1649 1611 quam

391 1648 420 1671 π
454 1646 540 1671 cum
571 1648 588 1670 ε
617 1632 756 1670 formae
792 1631 1026 1681 antiquioris.
1085 1631 1168 1669 Hoc
1205 1645 1225 1669 a
1261 1631 1391 1670 scribis
1423 1632 1650 1683 intelligeba-

391 1710 470 1753 tur,
499 1703 594 1744 illud
621 1717 698 1743 non
724 1703 828 1743 item.
886 1702 988 1743 Hinc
1016 1703 1158 1743 factum
1187 1706 1230 1743 ut
1263 1702 1379 1743 multo
1417 1703 1650 1756 frequentius

389 1778 559 1816 invenias
588 1777 700 1824 περὶ
730 1790 798 1827 pro
827 1777 963 1825 παρὰ
1002 1790 1113 1827 quam
1149 1778 1281 1824 παρὰ
1321 1791 1389 1828 pro
1418 1778 1523 1825 περὶ
1552 1779 1650 1830 posi-

390 1854 486 1890 tum.
544 1849 595 1888 Et
624 1848 775 1901 quidem
803 1848 895 1887 locis
923 1849 1186 1903 complusculis
1218 1864 1285 1902 pro
1313 1849 1419 1899 περὶ
1450 1854 1549 1890 certa
1576 1864 1651 1890 me·

391 1922 475 1960 dela
511 1933 684 1973 reponere
717 1921 849 1968 παρὰ
888 1924 1035 1958 tantum
1066 1934 1140 1959 non
1179 1921 1345 1960 cuiusvis
1378 1925 1434 1960 est
1443 1937 1454 1969 3
1493 1922 1533 1960 in
1565 1935 1650 1961 con-

389 1994 503 2033 trario
532 2008 653 2034 errore
681 1993 892 2046 indagando
927 2007 1013 2033 vero
1042 1994 1202 2033 maxima
1241 1995 1411 2034 cautione
1450 2008 1543 2047 opus
1571 1999 1648 2044 est,

391 2066 458 2105 ubi
487 2066 545 2105 vel
573 2066 867 2105 eruditissimum
897 2079 1081 2117 quemque
1109 2066 1268 2105 subinde
1296 2066 1420 2105 videas
1448 2066 1613 2106 deficere.

446 2138 495 2178 In
527 2138 649 2178 Schol.
684 2139 731 2178 ad
768 2139 839 2178 Od.
870 2139 931 2186 N,
963 2140 1061 2187 142,
1101 2153 1206 2177 nemo
1243 2152 1320 2178 non
1356 2139 1475 2191 primo
1515 2140 1649 2179 obtutu

393 2211 496 2251 videt
527 2211 728 2264 legendum
756 2225 855 2250 esse:
894 2209 1009 2258 τάχα
1040 2210 1072 2248 δ’
1092 2209 1147 2249 ὅτι
1186 2211 1252 2249 καὶ
1289 2226 1356 2250 παι
1365 2226 1383 2260 ρ
1395 2212 1648 2261 απεμφθῆναι

434 2447 458 2490 ¹)
492 2446 637 2486 Iniuria,
666 2457 741 2479 nam
770 2445 834 2479 loci
863 2456 944 2489 quos
973 2456 1013 2479 ex
1041 2444 1258 2489 Aristophane
1286 2446 1320 2478 et
1346 2444 1447 2490 Lysia
1472 2445 1567 2479 affert
1593 2447 1651 2479 aut

390 2509 536 2544 diversae
560 2512 698 2542 naturae
721 2510 799 2540 sunt
822 2512 879 2540 aut
902 2519 1003 2550 aeque
1026 2507 1181 2550 corrupti.
