1937 3075
943 285 993 320 63

396 408 523 461 Longe
565 410 793 460 frequentior
837 414 894 447 est
930 410 1098 447 confusio
1135 411 1248 449 huius
1282 411 1411 448 literae
1452 425 1537 448 cum
1579 425 1599 448 v

344 481 408 533 (μ,
442 497 485 528 n,
517 496 560 527 κ,
592 497 638 527 α,
672 483 727 534 ω).
782 480 876 521 Noli
903 484 1026 521 tamen
1061 485 1252 534 propterea
1288 496 1373 521 cum
1401 482 1600 522 Montefal-

342 553 450 591 conio
488 554 529 592 in
566 555 732 592 animum
766 553 943 609 inducere
978 553 1096 605 ipsam
1138 554 1294 604 figuram
1331 555 1360 600 β
1392 556 1602 606 antiquiore

341 626 459 665 forma
476 627 534 666 his
558 627 745 666 erroribus
769 640 892 666 ansam
927 626 1094 675 dedisse,
1125 640 1218 677 quos
1245 627 1373 678 procul
1397 627 1512 666 dubio
1540 642 1602 679 pe-

340 698 439 750 perit
462 699 596 738 vitiosa
626 699 836 751 sequiorum
877 698 1073 747 συνήθειαι,
1112 698 1142 745 β
1175 703 1213 738 et
1247 713 1267 737 v
1308 700 1366 749 (v,
1407 700 1452 751 w)
1496 699 1603 751 plane

340 771 470 811 eodem
505 786 595 811 sono
633 772 878 811 efferentium.
936 772 1031 811 Sunt
1074 771 1160 811 libri
1201 771 1307 811 MSS.
1354 772 1419 811 ubi
1455 773 1603 824 ypeilon

340 843 483 883 literam
513 843 593 883 be¹ta
621 845 791 884 funditus
820 845 975 897 expulit.

394 917 540 956 Passim
576 921 723 957 exarata
760 921 850 957 sunt
885 932 922 957 v.
946 932 978 957 e.
1015 917 1187 967 υοέρυοιροι
1206 947 1216 962 ,
1248 921 1408 966 λαῦρον,
1441 916 1599 957 αὐάκιον

340 1003 406 1041 pro
443 989 657 1039 βάρβαροι,
699 990 863 1040 λάβρον,
909 990 1074 1038 ἀβάκιον
1104 996 1176 1030 etc.
1236 991 1351 1030 Haud
1398 1005 1480 1030 raro
1514 992 1602 1031 inde

340 1062 379 1101 in
420 1063 568 1102 Lexicis
610 1078 677 1116 pro
717 1080 736 1102 υ
777 1069 814 1104 et
851 1066 881 1112 β
916 1064 1128 1116 (Digamma
1156 1064 1277 1116 Aeol.)
1320 1065 1443 1104 editur
1484 1080 1515 1112 μ
1557 1070 1601 1104 ut

264 1173 268 1176 ,
339 1135 671 1182 μελδόμενος,
716 1138 904 1184 ἐπιθυμῶν
948 1136 1045 1189 apud
1088 1136 1320 1189 Hesychium
1358 1151 1425 1189 pro
1461 1137 1597 1177 Γελδό-

339 1223 463 1255 μενος.

394 1295 421 1327 γ
451 1294 493 1319 ea
522 1285 578 1319 est
606 1281 828 1320 infelicitate
856 1282 996 1333 figurae
1023 1286 1067 1320 ut
1095 1282 1133 1320 in
1163 1286 1320 1334 utraque
1343 1283 1525 1336 scriptura
1549 1285 1596 1323 ad

339 1354 547 1406 complures
585 1354 676 1393 alias
713 1355 839 1394 literas
876 1354 1119 1394 similitudine
1156 1356 1318 1396 accedat.
1374 1356 1421 1396 In
1457 1357 1595 1396 minus-

339 1426 421 1466 cula
450 1441 577 1479 parum
612 1428 735 1466 differt
762 1428 827 1467 ab:

391 1514 427 1549 ν,
469 1499 500 1538 si
537 1500 627 1539 haec
660 1499 765 1539 litera
800 1499 901 1539 iusto
940 1503 995 1539 est
1024 1500 1168 1553 longior
1196 1504 1306 1553 atque
1334 1501 1430 1541 infra
1457 1502 1592 1543 lineam

334 1573 547 1625 porrigitur.
603 1572 705 1612 Hinc
733 1573 774 1612 in
801 1573 927 1625 pravis
955 1573 1182 1613 editionibus
1210 1575 1471 1627 Aristophanis
1494 1589 1593 1615 eom·

334 1650 526 1686 mutantur
540 1645 682 1685 τουτονὶ
705 1649 743 1684 et
765 1645 918 1693 τουτογὶ
938 1645 1038 1697 (vide
1058 1660 1090 1686 e.
1106 1660 1138 1686 c.
1152 1646 1414 1699 Thesmophor.
1430 1661 1466 1687 v.
1482 1649 1591 1699 880).

333 1718 526 1757 Eiusmodi
565 1722 620 1757 est
649 1718 784 1757 vitium
824 1719 925 1769 quod
959 1719 1201 1771 deprehendit
1228 1719 1378 1759 Bastius
1408 1720 1515 1772 (Not.
1544 1721 1592 1760 ad

332 1791 444 1843 Greg.
472 1805 556 1843 pag.
588 1792 682 1843 393)
711 1791 752 1830 in
782 1791 975 1844 Apollonii
1003 1791 1158 1844 Dyscoli
1189 1791 1284 1831 libro
1320 1794 1364 1832 de
1391 1794 1591 1833 adverbiis.-

332 1863 495 1910 εὐγαίοες
525 1862 712 1911 ἐβάλοντο
749 1864 825 1903 imo
861 1878 949 1904 vero
979 1863 1132 1908 εὐναίας
1164 1864 1350 1912 ἐβάλοντο
1386 1867 1452 1918 (=
1477 1867 1588 1911 εὐνὰς

330 1935 356 1975 i.
380 1949 412 1976 e.
442 1937 622 1988 ancoras).

384 2009 579 2049 Praeterea
606 2024 634 2057 y
664 2009 852 2049 interdum
878 2022 955 2048 non
977 2009 1140 2049 multum
1160 2010 1339 2050 dissimile
1362 2015 1418 2051 est
1444 2026 1462 2061 ρ
1493 2016 1531 2052 et
1554 2028 1586 2062 ρι

329 2082 507 2123 continuo
544 2082 658 2123 ductu
697 2082 856 2135 scriptis.
912 2082 1026 2132 Quod
1062 2083 1247 2136 imprimis
1284 2098 1354 2124 usu
1392 2085 1496 2125 venit
1524 2086 1587 2126 ad-

326 2155 477 2196 iectivis
505 2156 545 2196 in
575 2157 668 2206 ήριος
700 2159 737 2195 et
773 2155 865 2204 ηγὸς
896 2155 1130 2197 exeuntibus.
1186 2156 1273 2196 Alia
1307 2156 1421 2197 huius
1456 2158 1586 2198 confu-

328 2229 444 2268 sionis
471 2230 635 2282 exempla
662 2244 737 2268 non
767 2233 856 2268 sunt
883 2229 1083 2268 admodum
1112 2229 1241 2269 multa.

381 2303 422 2352 δ,
461 2303 493 2342 si
527 2302 601 2342 duo
637 2306 776 2355 puncta
814 2302 885 2342 sibi
920 2301 1093 2354 imposita
1131 2301 1243 2341 habet
1269 2301 1367 2342 valet
1394 2303 1440 2343 δι.
1496 2302 1584 2344 Per-

326 2376 529 2414 miscentur
564 2376 651 2413 inde
684 2376 716 2413 δ’
741 2379 777 2413 et
816 2376 847 2413 δι
879 2375 931 2426 (δὲ
970 2379 1008 2413 et
1044 2374 1136 2425 διὰ).
1193 2375 1299 2414 Idem
1334 2376 1476 2415 factum
1517 2377 1584 2416 ubi

324 2462 419 2500 apex
460 2448 573 2487 huius
616 2448 745 2487 literae
788 2447 896 2486 solito
938 2446 1056 2499 magis
1099 2446 1271 2487 deorsum
1305 2448 1464 2488 demissa
1492 2453 1582 2490 erat.

323 2519 453 2561 Finxit
479 2520 566 2560 inde
582 2519 807 2560 Villoisonus
829 2518 982 2559 verbum
1005 2519 1273 2560 ἀναδιιστάναι
1298 2520 1448 2560 Graecis
1474 2521 1582 2574 igno-
