1937 3075
928 238 979 276 43

328 367 420 407 lum.
474 365 680 420 Egregium
716 365 925 417 exemplum
959 364 1071 405 habes
1101 366 1142 405 in
1168 365 1302 405 Dionis
1329 365 1582 419 chrysostomi

329 440 433 479 Orat.
462 439 604 488 LXIV,
634 452 672 490 p.
703 440 801 486 341,
829 437 984 476 Reiske:
1016 439 1035 483 ἦ
1063 438 1190 486 τύχη.
1297 440 1437 488 Κροίσῳ
1455 440 1579 478 δίδωσι

329 512 485 563 χρυσὸν,
516 510 722 560 Κανδαύλῃ
750 515 942 558 γυναῖκα,
975 510 1186 560 Ἀριστείδῃ
1221 511 1467 559 δικαιοσύνην,
1497 518 1580 551 Λοι-

330 585 576 632 κεδοιιμονίοις
603 585 687 628 τὴν
715 584 973 628 Αθηνοοίων
1001 583 1216 622 θάλατταν.
1276 586 1398 623 Acute
1420 585 1465 624 L.
1489 585 1582 624 Din-

330 658 486 699 dorfius:
518 657 653 710 (Praef.
682 657 728 697 ad
755 657 803 698 D.
831 671 915 711 pag.
947 656 1099 709 XXVI)
1128 657 1441 706 Λακεδαιμονίοις
1470 663 1580 706 γῆν,

329 732 538 777 Ἀθηναίοις
569 731 785 771 θοέλοιττοον.
815 730 916 770 Nam
939 731 1129 782 genitivus
1149 731 1276 782 procul
1297 730 1410 769 dubio
1431 731 1586 770 debetur

330 804 423 844 male
465 804 594 844 sedulo
637 803 844 844 correctori.
905 803 1046 842 Eodem
1074 802 1183 842 modo
1211 803 1364 843 fortasse
1391 807 1585 856 peccatum

329 879 385 915 est
413 876 537 915 Schol.
567 876 614 915 ad
641 876 773 928 Odyss.
805 881 829 915 Ξ
861 889 894 914 v.
924 877 1016 914 2212.

384 946 509 1001 ἔργον]
543 949 563 993 ἡ
594 947 786 997 γεωργίοι,
826 947 917 987 ἀπὸ
946 951 1036 999 τῆς
1068 946 1198 996 ἔροις.
1230 947 1302 991 τοὶς
1334 948 1410 997 γὰρ
1444 948 1583 992 λοιπὰς

329 1021 486 1071 προέξεις
516 1021 613 1071 ἔργα
641 1021 802 1072 φάσκων
831 1022 847 1060 ὅ
877 1022 1033 1067 ποιητὴς
1072 1021 1289 1071 προστίθησι
1326 1021 1583 1069 διασημαίνων

329 1097 376 1139 ὦς
407 1094 514 1144 ἔργον
538 1095 691 1144 ''Amo-15.

383 1169 538 1208 Constat
579 1183 666 1208 sane
705 1169 747 1207 in
787 1169 887 1207 nulla
928 1169 1000 1208 alia
1035 1183 1074 1208 re
1116 1170 1264 1221 turpius
1302 1169 1376 1209 labi
1418 1169 1584 1208 eruditos

329 1241 593 1295 grammaticos
630 1255 740 1292 quam
770 1240 811 1280 in
839 1240 1035 1280 verborum
1063 1241 1303 1281 derivatione.
1360 1240 1499 1293 Ingens
1528 1246 1585 1280 est

330 1314 580 1366 exemplorum
610 1314 717 1365 copia
750 1318 861 1364 atque
888 1314 928 1351 in
965 1314 1063 1352 diem
1095 1318 1262 1365 augetur.
1319 1313 1583 1353 Verumtamen

330 1386 369 1424 in
398 1385 533 1425 talibus
562 1399 708 1437 quoque
736 1388 824 1424 sunt
852 1385 942 1424 certi
974 1385 1133 1437 denique
1162 1386 1264 1425 fines.
1320 1386 1441 1425 Nemo
1478 1386 1584 1425 facile

330 1463 407 1498 tam
437 1458 577 1498 stultus
606 1458 698 1510 fingi
726 1458 956 1511 cogitarique
984 1458 1101 1511 possit
1122 1459 1187 1510 qui
1216 1458 1255 1497 in
1284 1458 1449 1498 animum
1478 1472 1583 1498 suum

330 1532 519 1570 induxerit
561 1531 835 1569 substantivum
879 1530 985 1578 ἔργον
1028 1531 1239 1569 ducendum
1287 1545 1366 1569 esse
1413 1532 1458 1570 ab
1503 1532 1580 1580 ἔροι.

330 1604 436 1654 Quae
471 1617 517 1643 ne
552 1603 698 1643 acutula
736 1603 886 1655 quidem
914 1607 1009 1643 esset
1037 1603 1257 1644 observatio.
1314 1604 1437 1644 Multo
1466 1605 1585 1658 magis

330 1677 496 1728 suspicor
532 1677 602 1715 hoc
639 1677 779 1715 scholio
812 1680 885 1715 τῶν
923 1679 1004 1715 νοῦν
1041 1677 1205 1725 ἐχόντων
1245 1678 1331 1717 τινὰ
1368 1682 1444 1717 tam
1478 1678 1586 1717 docte

330 1763 440 1800 quam
478 1763 564 1788 vere
606 1748 817 1788 observasse
859 1749 954 1799 ἔργα
998 1751 1077 1789 sine
1113 1751 1279 1802 genitivo
1321 1751 1419 1803 apud
1461 1751 1585 1803 epicos

328 1822 497 1862 absolut-e
525 1822 599 1861 dici
629 1822 674 1861 de
702 1822 945 1872 agricultura.
1002 1823 1173 1862 Coniicio
1202 1824 1319 1876 igitur
1344 1823 1585 1863 Scholiastem

328 1898 542 1934 annotasse:

383 1967 507 2019 ἔργον]
538 1966 598 2006 ἐπὶ
620 1969 648 2019 l)
677 1971 704 2005 Γ
720 1971 771 2012 ἧς
802 1967 986 2016 ἐργασίαις
1017 1983 1053 2007 κ.
1074 1984 1110 2007 τ.
1132 1977 1170 2007 λ.

382 2041 567 2090 ἐργασίας
607 2045 730 2080 autem
764 2041 803 2080 in
841 2040 926 2090 ἔροις
957 2042 1093 2081 abiisse
1125 2042 1164 2080 in
1194 2041 1344 2080 scholiis
1373 2042 1584 2093 marginali-

327 2114 398 2153 bus
436 2114 696 2153 minutissimis
735 2114 894 2154 literulis
930 2118 967 2153 et
1005 2114 1264 2167 compendiose
1299 2114 1447 2166 scriptis
1476 2128 1584 2154 nemo

326 2192 369 2228 ut
397 2189 527 2240 opinor
557 2188 761 2228 mirabitur.

379 2261 424 2300 L.
455 2261 638 2299 Dindorfii
681 2261 931 2300 emendationi
972 2261 1078 2300 aliam
1122 2261 1319 2312 quamdam
1363 2260 1584 2313 subiungam

325 2333 398 2372 nisi
431 2333 525 2371 forte
560 2338 741 2385 occupata
780 2337 847 2373 est.
905 2333 951 2372 In
981 2334 1172 2373 Plutarchi
1208 2334 1300 2385 Reg.
1339 2338 1376 2372 et
1408 2333 1582 2385 Imperat.

368 2476 391 2517 ¹)
428 2473 478 2507 De
501 2472 688 2507 confusione
712 2472 778 2505 ἀπὸ
803 2475 836 2506 et
858 2471 914 2506 ἐπὶ
939 2473 1013 2507 vide
1036 2475 1115 2517 Cap.
1139 2475 1201 2508 VI.
