1937 3075
997 253 1019 289 2

433 380 631 419 Latissime
659 381 748 420 haec
776 381 902 432 opinio
940 381 1103 420 obtinuit
1138 380 1276 432 quippe
1310 393 1405 431 quae
1432 393 1509 418 non
1536 379 1634 431 apud

377 464 440 490 eos
482 455 628 491 tantum
659 452 795 501 valeat,
839 452 904 503 qui
947 452 1142 492 humiliore
1176 452 1274 492 vitae
1315 450 1527 491 conditione
1568 455 1635 490 aut

378 519 490 557 etiam
523 519 728 558 infeliciore
763 520 914 571 ingenio
950 534 1067 570 usque
1095 521 1185 559 adeo
1218 521 1294 559 sint
1321 519 1479 566 ἄμουσοι
1509 523 1553 557 ut
1578 524 1634 557 to·
1667 509 1670 512 ⁴

379 595 459 630 tum
497 590 598 630 hunc
635 592 822 631 literarum
859 592 1118 632 humaniorum
1151 593 1292 632 cultum
1320 596 1511 643 tamquam
1541 591 1635 630 desi-

377 662 500 701 diosas
540 677 660 716 nugas
703 664 952 716 vilipendant,
997 665 1207 716 (profanum
1250 664 1386 716 vulgus
1423 663 1522 714 quod
1553 676 1635 701 raro

378 749 504 775 verum
536 736 636 775 videt
673 741 711 776 et
747 737 808 776 hie
847 738 977 776 saltem
1006 738 1179 790 religiose
1216 737 1414 777 arcendum
1452 737 1522 787 est)
1560 736 1636 775 imo

381 820 469 846 vero
507 808 763 848 assentiuntur
799 809 870 848 viri
908 809 998 849 clari
1034 813 1071 849 et
1107 809 1277 849 honorati
1315 809 1416 861 iique
1449 808 1520 847 hac
1557 807 1636 861 ipsa

379 880 624 920 humanitatis
661 882 770 923 laude
804 882 981 935 insignes.
1038 882 1199 935 Rogavit
1234 896 1291 921 me
1323 895 1440 934 nuper
1467 894 1565 920 unus
1592 894 1638 919 ex

378 952 526 992 civibus
554 954 668 1002 meis,
698 954 757 993 vir
784 955 942 994 eximius
971 968 1080 1006 quem
1119 955 1242 1006 magni
1278 953 1394 1002 facio,
1432 967 1523 992 num
1556 952 1637 1005 phi·

378 1025 491 1076 lologi
532 1030 748 1077 putaremus
784 1026 921 1065 subtile
959 1026 1060 1065 istud
1097 1026 1315 1078 disputandi
1355 1039 1493 1077 genus,
1537 1025 1639 1076 quod

381 1100 503 1136 totum
546 1102 708 1136 versetur
750 1097 788 1136 in
830 1099 1057 1149 argumentis
1104 1097 1385 1146 minutissimis,
1436 1097 1639 1149 quidquam

381 1169 532 1207 omnino
561 1170 688 1208 afferre
715 1184 822 1221 posse
850 1171 896 1209 ad
926 1184 1158 1209 communem
1188 1171 1401 1209 utilitatem.
1458 1169 1570 1218 Quod
1598 1174 1641 1207 ut

381 1240 438 1279 illi
467 1241 660 1294 probarem
690 1256 765 1281 non
794 1242 918 1281 multis
949 1241 1068 1281 verbis
1097 1255 1192 1295 opus
1223 1245 1320 1281 erat:
1349 1240 1512 1280 liberalis
1541 1240 1640 1280 enim

383 1318 440 1352 est
476 1318 514 1353 et
549 1315 735 1366 ingenuus
774 1319 811 1354 et
847 1329 958 1366 quem
998 1315 1106 1354 facile
1144 1329 1283 1354 errores
1323 1329 1409 1354 suos
1451 1314 1639 1353 dedoceas,

384 1387 523 1426 Verum
568 1388 863 1439 quotusquisque
906 1387 992 1426 huic
1033 1392 1089 1427 est
1132 1387 1289 1426 similis?
1349 1387 1514 1437 Tempora
1555 1400 1642 1426 sane

385 1464 588 1507 mutantur,
619 1465 662 1498 ut
691 1460 818 1507 aiunt,
860 1460 924 1498 sed
962 1474 1036 1498 non
1074 1463 1266 1499 mutantur
1302 1460 1341 1498 in
1376 1460 1445 1498 illis
1490 1473 1645 1507 „coenae

385 1531 598 1570 mortalium
647 1529 814 1571 mentes’'
860 1544 998 1583 pronae
1043 1531 1085 1570 in
1131 1544 1276 1570 omnem
1329 1530 1642 1584 superstitionem.

386 1604 555 1656 Pergunt
583 1604 750 1644 homines
778 1608 859 1643 tum
888 1603 1034 1643 adunco
1062 1617 1151 1643 naso
1179 1602 1402 1656 suspendere
1430 1608 1512 1643 tum
1541 1603 1647 1656 gravi

390 1676 588 1729 supercilio
630 1676 804 1716 damnare
846 1690 939 1727 quae
986 1676 1095 1728 plane
1137 1675 1311 1728 ignorant
1355 1678 1398 1715 ut
1439 1676 1503 1714 vix
1545 1675 1648 1715 aliud

390 1749 440 1788 sit
476 1749 611 1789 vitium
653 1751 728 1789 tam
773 1749 946 1800 frequens
987 1753 1137 1800 tamque
1178 1748 1455 1801 pervulgatum.
1509 1747 1650 1788 Nonne

393 1821 496 1873 quod
523 1833 610 1861 cum
638 1821 765 1861 dolore
802 1825 1011 1873 queruntur
1041 1819 1274 1869 Casauboni‚
1310 1819 1494 1869 Bentleii,
1522 1820 1650 1860 Ruhn-

393 1893 517 1942 kenii,
559 1893 659 1932 idem
707 1906 860 1945 prorsus
902 1893 1115 1932 etiamnunc
1158 1893 1197 1931 in
1245 1892 1496 1932 laudatissima
1540 1892 1651 1932 huius

393 1963 532 2006 saeculi
576 1966 803 2018 praestantia
849 1964 989 2005 criticis
1038 1963 1242 2005 identidem
1288 1965 1477 2018 obtingit?
1548 1965 1652 2015 Quid

393 2040 425 2079 si
466 2039 643 2079 Britanni
683 2053 852 2091 quoque,
901 2037 966 2090 qui
1007 2038 1243 2092 ingeniorum
1289 2038 1451 2079 sollertia
1491 2052 1652 2079 morum·

396 2126 469 2164 que
515 2112 696 2165 gravitate
742 2115 902 2152 caeteras
947 2111 1141 2164 plerasque
1187 2110 1357 2153 nationes
1404 2112 1652 2162 antecellunt,

395 2183 550 2225 minime
590 2197 658 2224 suo
704 2185 824 2237 pretio
866 2183 1065 2224 aestimant
1110 2184 1262 2225 doctum
1288 2186 1532 2226 ‘munuum
1571 2185 1653 2225 lite-

394 2270 520 2297 rarum
548 2257 647 2296 inter
682 2256 876 2309 populares
906 2270 995 2296 suos
1024 2270 1142 2296 unum
1170 2257 1335 2296 omnium
1364 2256 1653 2309 peritissimum,
1699 2253 1702 2255 ’

395 2329 462 2382 qui
503 2341 604 2369 nunc
644 2329 771 2381 procul
817 2341 838 2368 a
878 2328 999 2381 patria
1039 2328 1079 2368 in
1120 2328 1272 2368 ultimas
1319 2333 1433 2369 terras
1480 2329 1655 2370 devectus

393 2401 552 2441 nimium
587 2400 823 2452 nimiumque
860 2403 1032 2453 expertus
1069 2404 1126 2440 est
1163 2401 1372 2453 aequalium
1398 2401 1581 2442 invidiam
1610 2415 1654 2443 ac

394 2474 641 2528 suspicionem
656 2475 664 2514 Ι
