1937 3075
924 239 971 277 21

320 373 463 421 praeter
498 382 613 408 senem
649 381 747 406 nemo
786 370 962 419 superest.
1018 367 1129 415 Quod
1166 372 1290 406 tamen
1334 368 1373 406 in
1411 368 1576 420 complu·

321 440 425 479 ribus
454 439 679 479 editionibus
706 452 781 478 non
810 442 866 477 est
892 442 1091 491 receptum.

375 513 573 564 Perpaucis
601 497 750 561 quoque
776 504 858 548 Δ’τῶν
890 510 1093 549 ἐπαϊόντων
1123 511 1263 549 τούτων
1294 513 1375 560 πέρι
1407 513 1575 551 innotuit

320 585 609 637 pulcherrimum
640 583 825 634 quoddam
856 582 1047 621 inventum
1082 582 1298 631 camerarii,
1329 584 1428 622 docti
1456 583 1576 637 philo·

320 657 416 708 logi,
441 655 711 702 iurisconsulti,
738 654 919 706 theologi,
946 655 1109 693 hominis
1133 655 1231 692 cauti
1258 659 1295 693 et
1315 655 1573 706 circumspecti

320 729 470 777 iudicii,
501 729 626 781 quales
649 742 774 767 omnes
795 742 873 767 esse
896 727 1008 767 velles
1027 727 1135 767 Verbi
1157 728 1287 767 Divini
1317 726 1577 776 0Ministros'’.

322 801 398 851 Qui
436 802 475 841 in
514 801 719 854 Euangelio
758 800 910 840 Ioannis
949 800 1082 851 (XIX,
1118 803 1199 853 29)Ι
1229 813 1350 840 veram
1379 800 1576 839 lectionem

321 875 555 926 sagacissime
591 875 765 914 odoratus
804 879 871 913 est.
928 875 1051 913 Acute
1084 875 1182 913 enim
1215 874 1401 927 perspexit
1429 888 1578 926 corrup-

321 947 430 987 telam
453 947 491 986 in
511 946 698 987 vocabulis
723 948 882 994 ὑσσώπῳ
906 947 1116 996 περιθέντες
1140 947 1313 987 latentem
1339 961 1412 998 qua
1434 946 1580 986 sublata

322 1019 456 1058 mirum
486 1033 599 1070 quam
627 1033 715 1059 sana
742 1020 866 1059 evadit
894 1020 1091 1059 sententia.

376 1091 459 1130 Hoc
493 1092 658 1144 profecto
697 1096 752 1131 est
789 1093 891 1143 quod
926 1092 1048 1132 voluit
1084 1093 1260 1145 scriptor:
1304 1094 1335 1132 οἱ
1368 1092 1407 1131 δὲ
1445 1093 1577 1144 (στρα-

320 1165 470 1216 τιῶται)
490 1165 710 1210 πλήσαντες
737 1165 913 1212 σπόγγον
936 1165 1039 1211 ὄξους
1068 1165 1132 1203 καὶ
1164 1166 1279 1213 ὑσσῷ
1307 1165 1574 1213 περιθέντες

322 1238 585 1287 προσήνεγκαν
632 1240 749 1278 αὐτοῦ
804 1240 855 1288 τῷ
905 1239 1072 1287 στόματι
1110 1240 1135 1279 i.
1160 1253 1191 1279 e.
1243 1238 1380 1278 milites
1420 1238 1578 1278 Romani

320 1311 510 1364 spongiam
546 1314 648 1351 aceto
679 1311 824 1364 plenam
857 1312 937 1363 pilo
960 1311 1109 1365 infixam
1133 1311 1187 1350 ori
1211 1311 1291 1351 eius
1315 1310 1575 1350 admoverunt.

320 1383 370 1422 Et
403 1384 526 1423 hercle
562 1384 724 1423 dilucide
759 1389 910 1437 apparet
952 1385 1051 1424 unde
1092 1388 1180 1423 nata
1222 1385 1271 1422 sit
1308 1384 1466 1423 ridicula
1503 1383 1574 1422 ista

316 1456 510 1508 hyssopus.
566 1456 791 1508 Ignorabant
820 1458 1006 1509 sequiores
1035 1457 1146 1500 ὑπο-ὸς
1180 1457 1270 1508 quid
1304 1460 1421 1503 esset,
1455 1455 1572 1508 igitur

315 1528 488 1582 syllabam
517 1530 685 1581 sequenti
713 1544 788 1569 non
818 1530 922 1569 valde
952 1529 1168 1569 dissimilem
1193 1529 1371 1569 excidisse
1394 1529 1572 1581 suspicati

314 1602 572 1654 excogitarunt
599 1603 638 1641 id
667 1603 788 1654 ipsum
818 1604 916 1654 quod
946 1607 1103 1642 aetatem
1130 1603 1232 1642 tulit.

368 1674 486 1713 Sensu
523 1678 628 1713 vacat
664 1674 763 1725 quod
799 1674 935 1727 legitur
976 1676 1015 1713 in
1053 1675 1210 1728 epistola
1245 1674 1353 1713 Pauli
1384 1674 1430 1713 ad
1463 1674 1572 1714 Rom.

314 1746 416 1795 XII,
448 1748 493 1786 3:
535 1747 637 1794 λέγω
672 1747 747 1796 γὰρ
781 1748 841 1786 διὰ
883 1752 951 1791 τῆς
993 1747 1152 1796 χάριτος
1196 1752 1261 1790 τῆς
1304 1747 1467 1792 δοθείσης
1509 1761 1572 1793 μοι

313 1820 462 1858 παντὶ
502 1821 557 1869 τῷ
604 1820 702 1859 ὄντι
740 1821 785 1859 ἐν
825 1821 937 1867 ὑμῖν
974 1823 1027 1868 μὴ
1068 1821 1310 1869 ὑπερφρονεῖν
1346 1822 1435 1868 παρ’
1466 1817 1482 1857 ὃ
1516 1819 1574 1858 δεῖ

312 1896 482 1942 Φρονεῖν,
524 1893 587 1933 ubi
629 1894 772 1933 iustum
814 1894 1018 1952 remedium
1058 1894 1208 1933 adhibet
1248 1894 1344 1934 Clar.
1382 1893 1567 1933 Venema:

314 1966 427 2019 (apud
451 1966 630 2007 Valcken.
651 1966 692 2006 in
714 1967 882 2020 Schedis)
906 1967 1057 2007 παντὶ
1089 1968 1148 2016 τῷ
1176 1966 1279 2007 ὄντι
1310 1982 1352 2006 τι
1381 1968 1427 2006 ἕν
1457 1967 1569 2014 ὑμῖν

312 2039 528 2086 coniiciens,
572 2040 674 2090 quod
716 2039 811 2078 idem
855 2041 935 2079 aliis
978 2054 1128 2091 quoque
1171 2041 1209 2079 in
1250 2045 1408 2079 mentem
1452 2040 1567 2079 venit.

310 2110 454 2151 Locum
481 2116 603 2151 tamen
628 2112 685 2151 vel
715 2112 768 2151 sic
796 2126 870 2152 non
900 2112 989 2152 satis
1023 2112 1247 2152 intellexisse
1275 2112 1370 2152 mihi
1394 2112 1570 2153 videntur

299 2183 542 2236 interpretes.
598 2184 698 2222 Nam
735 2185 833 2237 fugit
870 2198 933 2223 eos
972 2198 1082 2236 quam
1122 2186 1200 2223 vim
1237 2185 1371 2224 habeat
1406 2186 1500 2224 illud
1528 2200 1565 2224 τι

311 2256 411 2306 quod
446 2270 520 2294 non
556 2256 771 2308 simpliciter
807 2257 993 2309 significat
1028 2259 1174 2310 aliquid
1209 2258 1272 2297 sed
1306 2273 1472 2308 maynum
1499 2260 1570 2297 ali·
1631 2263 1633 2265 ’

308 2330 418 2380 quod,
458 2330 604 2381 aliquid
641 2330 763 2379 mayni
800 2330 972 2381 ponderis
1009 2335 1045 2370 et
1080 2332 1257 2371 momenti.
1313 2331 1441 2370 Testes
1482 2335 1570 2370 sunt

310 2406 403 2453 quot
430 2402 536 2442 velis.
577 2401 648 2454 (Cf.
687 2402 871 2456 imprimis
909 2403 1018 2443 Plato
1054 2403 1169 2458 Gorg.
1205 2407 1283 2445 472
1316 2404 1565 2453 A,‡Phaedr.

267 2482 272 2485 “
309 2476 385 2512 242
403 2474 457 2521 Ε,
485 2474 587 2514 Men.
609 2475 648 2513 in
669 2475 776 2514 Stob.
798 2476 894 2515 Flor.
916 2479 964 2514 22
975 2506 987 2524 ‚
1018 2478 1091 2525 28,
1121 2480 1207 2517 Act.
1230 2477 1396 2529 Apostol.
1418 2479 1459 2525 5,
1482 2478 1562 2528 36).
