<?xml version="1.0" encoding="UTF-8"?>
<!DOCTYPE html PUBLIC "-//W3C//DTD XHTML 1.0 Transitional//EN"
    "http://www.w3.org/TR/xhtml1/DTD/xhtml1-transitional.dtd">
<html xmlns="http://www.w3.org/1999/xhtml" xml:lang="en" lang="en">
 <head>
  <title>
</title>
<meta http-equiv="Content-Type" content="text/html;charset=utf-8" />
  <meta name='ocr-system' content='tesseract 3.04.00' />
  <meta name='ocr-capabilities' content='ocr_page ocr_carea ocr_par ocr_line ocrx_word'/>
</head>
<body>
  <div class='ocr_page' id='page_1' title='image "4737922_0019.png"; bbox 0 0 1937 3075; ppageno 0'>
   <div class='ocr_carea' id='block_1_1' title="bbox 996 261 1017 297">
    <p class='ocr_par' dir='ltr' id='par_1_1' title="bbox 996 261 1017 297">
     <span class='ocr_line' id='line_1_1' title="bbox 996 261 1017 297; baseline 0 0"><span class='ocrx_word' id='word_1_1' title='bbox 996 261 1017 297; x_wconf 84' lang='lat'>5</span> 
     </span>
    </p>
   </div>
   <div class='ocr_carea' id='block_1_2' title="bbox 379 385 1642 2533">
    <p class='ocr_par' dir='ltr' id='par_1_2' title="bbox 380 385 1637 860">
     <span class='ocr_line' id='line_1_2' title="bbox 380 385 1629 440; baseline -0.002 -12"><span class='ocrx_word' id='word_1_2' title='bbox 380 387 569 429; x_wconf 78' lang='lat' dir='ltr'><strong>traducere</strong></span> <span class='ocrx_word' id='word_1_3' title='bbox 604 386 869 426; x_wconf 83' lang='lat' dir='ltr'><strong>monachorum</strong></span> <span class='ocrx_word' id='word_1_4' title='bbox 910 386 1164 426; x_wconf 83' lang='lat' dir='ltr'>incredibilem</span> <span class='ocrx_word' id='word_1_5' title='bbox 1199 387 1468 440; x_wconf 81' lang='lat' dir='ltr'><strong>ignorantiam,</strong></span> <span class='ocrx_word' id='word_1_6' title='bbox 1510 385 1629 427; x_wconf 87' lang='lat' dir='ltr'><strong>decla-</strong></span> 
     </span>
     <span class='ocr_line' id='line_1_3' title="bbox 383 458 1631 507; baseline -0.002 -8"><span class='ocrx_word' id='word_1_7' title='bbox 383 474 480 499; x_wconf 85' lang='lat' dir='ltr'>mare</span> <span class='ocrx_word' id='word_1_8' title='bbox 507 460 546 498; x_wconf 92' lang='lat' dir='ltr'><strong>in</strong></span> <span class='ocrx_word' id='word_1_9' title='bbox 577 459 724 498; x_wconf 80' lang='lat' dir='ltr'><strong>scribas‘</strong></span> <span class='ocrx_word' id='word_1_10' title='bbox 739 458 1008 507; x_wconf 78' lang='lat' dir='ltr'><strong>somnolentos,</strong></span> <span class='ocrx_word' id='word_1_11' title='bbox 1037 459 1254 498; x_wconf 85' lang='lat' dir='ltr'><strong>debacchari</strong></span> <span class='ocrx_word' id='word_1_12' title='bbox 1283 460 1322 498; x_wconf 91' lang='lat' dir='ltr'><strong>in</strong></span> <span class='ocrx_word' id='word_1_13' title='bbox 1356 459 1491 498; x_wconf 86' lang='lat' dir='ltr'><strong>deliros</strong></span> <span class='ocrx_word' id='word_1_14' title='bbox 1518 459 1631 498; x_wconf 86' lang='lat' dir='ltr'><strong>Grae-</strong></span> 
     </span>
     <span class='ocr_line' id='line_1_4' title="bbox 382 529 1632 583; baseline -0.001 -12"><span class='ocrx_word' id='word_1_15' title='bbox 382 532 511 572; x_wconf 81' lang='lat' dir='ltr'>culos?</span> <span class='ocrx_word' id='word_1_16' title='bbox 574 529 680 580; x_wconf 77' lang='lat' dir='ltr'><strong>Quos</strong></span> <span class='ocrx_word' id='word_1_17' title='bbox 720 544 837 583; x_wconf 86' lang='lat' dir='ltr'><strong>usque</strong></span> <span class='ocrx_word' id='word_1_18' title='bbox 873 530 1052 570; x_wconf 90' lang='lat' dir='ltr'><strong>intuendo</strong></span> <span class='ocrx_word' id='word_1_19' title='bbox 1093 531 1205 570; x_wconf 83' lang='lat' dir='ltr'><strong>etiam</strong></span> <span class='ocrx_word' id='word_1_20' title='bbox 1242 531 1378 583; x_wconf 85' lang='lat' dir='ltr'><strong>quibus</strong></span> <span class='ocrx_word' id='word_1_21' title='bbox 1415 531 1532 571; x_wconf 83' lang='lat' dir='ltr'><strong>multa</strong></span> <span class='ocrx_word' id='word_1_22' title='bbox 1568 543 1632 570; x_wconf 90' lang='lat' dir='ltr'><strong>na·</strong></span> 
     </span>
     <span class='ocr_line' id='line_1_5' title="bbox 381 603 1631 657; baseline -0.001 -13"><span class='ocrx_word' id='word_1_23' title='bbox 381 609 465 644; x_wconf 82' lang='lat' dir='ltr'><strong>tura</strong></span> <span class='ocrx_word' id='word_1_24' title='bbox 501 604 650 657; x_wconf 84' lang='lat' dir='ltr'><strong>negavit</strong></span> <span class='ocrx_word' id='word_1_25' title='bbox 687 603 820 643; x_wconf 84' lang='lat' dir='ltr'><strong>sensim</strong></span> <span class='ocrx_word' id='word_1_26' title='bbox 861 608 976 643; x_wconf 87' lang='lat' dir='ltr'><strong>semet</strong></span> <span class='ocrx_word' id='word_1_27' title='bbox 1017 603 1089 656; x_wconf 89' lang='lat' dir='ltr'><strong>ipsi</strong></span> <span class='ocrx_word' id='word_1_28' title='bbox 1131 604 1285 643; x_wconf 84' lang='lat' dir='ltr'><strong>maiores</strong></span> <span class='ocrx_word' id='word_1_29' title='bbox 1326 604 1405 643; x_wconf 87' lang='lat' dir='ltr'><strong>fieri</strong></span> <span class='ocrx_word' id='word_1_30' title='bbox 1447 603 1631 643; x_wconf 88' lang='lat' dir='ltr'><strong>videntur.</strong></span> 
     </span>
     <span class='ocr_line' id='line_1_6' title="bbox 383 675 1635 724; baseline -0.001 -9"><span class='ocrx_word' id='word_1_31' title='bbox 383 676 418 715; x_wconf 94' lang='grc' dir='ltr'>Ο</span> <span class='ocrx_word' id='word_1_32' title='bbox 460 677 671 715; x_wconf 87' lang='lat' dir='ltr'><strong>studiorum</strong></span> <span class='ocrx_word' id='word_1_33' title='bbox 720 676 943 724; x_wconf 84' lang='lat' dir='ltr'><strong>vanitatem,</strong></span> <span class='ocrx_word' id='word_1_34' title='bbox 991 690 1014 715; x_wconf 94' lang='lat' dir='ltr'><strong>o</strong></span> <span class='ocrx_word' id='word_1_35' title='bbox 1055 676 1213 715; x_wconf 80' lang='lat' dir='ltr'><strong>stultum</strong></span> <span class='ocrx_word' id='word_1_36' title='bbox 1254 675 1434 715; x_wconf 82' lang='lat' dir='ltr'><strong>laborem!</strong></span> <span class='ocrx_word' id='word_1_37' title='bbox 1456 704 1466 714; x_wconf 93' lang='lat'><strong>.</strong></span> <span class='ocrx_word' id='word_1_38' title='bbox 1488 703 1635 715; x_wconf 87' lang='grc'><strong>......</strong></span> 
     </span>
     <span class='ocr_line' id='line_1_7' title="bbox 383 747 1637 802; baseline -0.001 -14"><span class='ocrx_word' id='word_1_39' title='bbox 383 748 457 789; x_wconf 87' lang='lat' dir='ltr'><strong>Sed</strong></span> <span class='ocrx_word' id='word_1_40' title='bbox 498 748 587 788; x_wconf 87' lang='lat' dir='ltr'><strong>satis</strong></span> <span class='ocrx_word' id='word_1_41' title='bbox 628 761 812 802; x_wconf 83' lang='lat' dir='ltr'><strong>superque</strong></span> <span class='ocrx_word' id='word_1_42' title='bbox 852 755 919 789; x_wconf 86' lang='lat' dir='ltr'><strong>est.</strong></span> <span class='ocrx_word' id='word_1_43' title='bbox 984 748 1079 789; x_wconf 85' lang='lat' dir='ltr'>Sunt</span> <span class='ocrx_word' id='word_1_44' title='bbox 1123 748 1164 788; x_wconf 87' lang='lat' dir='ltr'><strong>hi</strong></span> <span class='ocrx_word' id='word_1_45' title='bbox 1207 748 1282 788; x_wconf 85' lang='lat' dir='ltr'><strong>fere</strong></span> <span class='ocrx_word' id='word_1_46' title='bbox 1323 747 1533 801; x_wconf 83' lang='lat' dir='ltr'><strong>gravissimi</strong></span> <span class='ocrx_word' id='word_1_47' title='bbox 1574 747 1637 788; x_wconf 88' lang='lat' dir='ltr'><strong>ad-</strong></span> 
     </span>
     <span class='ocr_line' id='line_1_8' title="bbox 385 822 550 860; baseline 0 0"><span class='ocrx_word' id='word_1_48' title='bbox 385 822 550 860; x_wconf 86' lang='lat' dir='ltr'><strong>versarii.</strong></span> 
     </span>
    </p>

    <p class='ocr_par' dir='ltr' id='par_1_3' title="bbox 379 883 1642 2533">
     <span class='ocr_line' id='line_1_9' title="bbox 439 883 1640 944; baseline -0.002 -10"><span class='ocrx_word' id='word_1_49' title='bbox 439 893 537 944; x_wconf 80' lang='lat' dir='ltr'><strong>Qui,</strong></span> <span class='ocrx_word' id='word_1_50' title='bbox 581 897 623 933; x_wconf 89' lang='lat' dir='ltr'><strong>ut</strong></span> <span class='ocrx_word' id='word_1_51' title='bbox 664 893 757 934; x_wconf 90' lang='lat' dir='ltr'><strong>mihi</strong></span> <span class='ocrx_word' id='word_1_52' title='bbox 799 883 967 942; x_wconf 65' lang='lat' dir='ltr'><strong>ridetur,</strong></span> <span class='ocrx_word' id='word_1_53' title='bbox 1008 893 1109 933; x_wconf 89' lang='lat' dir='ltr'><strong>haud</strong></span> <span class='ocrx_word' id='word_1_54' title='bbox 1146 892 1380 933; x_wconf 85' lang='lat' dir='ltr'><strong>mediocriter</strong></span> <span class='ocrx_word' id='word_1_55' title='bbox 1415 895 1539 933; x_wconf 85' lang='lat' dir='ltr'><strong>errant</strong></span> <span class='ocrx_word' id='word_1_56' title='bbox 1575 892 1640 933; x_wconf 90' lang='lat' dir='ltr'><strong>sed</strong></span> 
     </span>
     <span class='ocr_line' id='line_1_10' title="bbox 384 964 1642 1017; baseline -0.002 -12"><span class='ocrx_word' id='word_1_57' title='bbox 384 967 460 1014; x_wconf 85' lang='lat' dir='ltr'><strong>ita,</strong></span> <span class='ocrx_word' id='word_1_58' title='bbox 503 967 639 1014; x_wconf 87' lang='lat' dir='ltr'><strong>fateor,</strong></span> <span class='ocrx_word' id='word_1_59' title='bbox 683 970 727 1004; x_wconf 93' lang='lat' dir='ltr'><strong>ut</strong></span> <span class='ocrx_word' id='word_1_60' title='bbox 769 978 894 1004; x_wconf 90' lang='lat' dir='ltr'><strong>eorum</strong></span> <span class='ocrx_word' id='word_1_61' title='bbox 938 965 1106 1017; x_wconf 86' lang='lat' dir='ltr'><strong>quamvis</strong></span> <span class='ocrx_word' id='word_1_62' title='bbox 1148 978 1316 1017; x_wconf 84' lang='lat' dir='ltr'><strong>perversa</strong></span> <span class='ocrx_word' id='word_1_63' title='bbox 1352 964 1480 1016; x_wconf 91' lang='lat' dir='ltr'><strong>opinio</strong></span> <span class='ocrx_word' id='word_1_64' title='bbox 1517 968 1642 1003; x_wconf 88' lang='lat' dir='ltr'><strong>tamen</strong></span> 
     </span>
     <span class='ocr_line' id='line_1_11' title="bbox 386 1037 1640 1091; baseline -0.002 -14"><span class='ocrx_word' id='word_1_65' title='bbox 386 1038 510 1089; x_wconf 85' lang='lat' dir='ltr'><strong>aliqua</strong></span> <span class='ocrx_word' id='word_1_66' title='bbox 537 1052 582 1078; x_wconf 86' lang='lat' dir='ltr'><strong>ex</strong></span> <span class='ocrx_word' id='word_1_67' title='bbox 608 1042 711 1090; x_wconf 90' lang='lat' dir='ltr'><strong>parte</strong></span> <span class='ocrx_word' id='word_1_68' title='bbox 738 1040 900 1078; x_wconf 85' lang='lat' dir='ltr'><strong>excusari</strong></span> <span class='ocrx_word' id='word_1_69' title='bbox 929 1038 1060 1090; x_wconf 78' lang='lat' dir='ltr'><strong>possit.</strong></span> <span class='ocrx_word' id='word_1_70' title='bbox 1089 1048 1092 1050; x_wconf 71' lang='grc'><strong>’</strong></span> <span class='ocrx_word' id='word_1_71' title='bbox 1117 1037 1192 1076; x_wconf 89' lang='lat' dir='ltr'><strong>Hic</strong></span> <span class='ocrx_word' id='word_1_72' title='bbox 1215 1050 1366 1088; x_wconf 91' lang='lat' dir='ltr'><strong>quoque</strong></span> <span class='ocrx_word' id='word_1_73' title='bbox 1390 1050 1510 1091; x_wconf 80' lang='lat' dir='ltr'><strong>errore</strong></span> <span class='ocrx_word' id='word_1_74' title='bbox 1537 1050 1640 1075; x_wconf 91' lang='lat' dir='ltr'><strong>com-</strong></span> 
     </span>
     <span class='ocr_line' id='line_1_12' title="bbox 386 1109 1641 1163; baseline -0.001 -13"><span class='ocrx_word' id='word_1_75' title='bbox 386 1110 511 1160; x_wconf 89' lang='lat' dir='ltr'><strong>muni,</strong></span> <span class='ocrx_word' id='word_1_76' title='bbox 550 1124 623 1163; x_wconf 92' lang='lat' dir='ltr'><strong>quo</strong></span> <span class='ocrx_word' id='word_1_77' title='bbox 661 1110 770 1150; x_wconf 84' lang='lat' dir='ltr'><strong>facile</strong></span> <span class='ocrx_word' id='word_1_78' title='bbox 803 1109 958 1150; x_wconf 83' lang='lat' dir='ltr'><strong>labimur</strong></span> <span class='ocrx_word' id='word_1_79' title='bbox 992 1123 1139 1158; x_wconf 87' lang='lat' dir='ltr'><strong>omnes,</strong></span> <span class='ocrx_word' id='word_1_80' title='bbox 1177 1110 1370 1149; x_wconf 90' lang='lat' dir='ltr'><strong>hominum</strong></span> <span class='ocrx_word' id='word_1_81' title='bbox 1399 1109 1490 1149; x_wconf 87' lang='lat' dir='ltr'><strong>vitia</strong></span> <span class='ocrx_word' id='word_1_82' title='bbox 1518 1109 1641 1149; x_wconf 84' lang='lat' dir='ltr'><strong>confe-</strong></span> 
     </span>
     <span class='ocr_line' id='line_1_13' title="bbox 385 1180 1638 1234; baseline -0.001 -13"><span class='ocrx_word' id='word_1_83' title='bbox 385 1186 517 1223; x_wconf 89' lang='lat' dir='ltr'><strong>runtur</strong></span> <span class='ocrx_word' id='word_1_84' title='bbox 543 1183 584 1222; x_wconf 90' lang='lat' dir='ltr'><strong>in</strong></span> <span class='ocrx_word' id='word_1_85' title='bbox 611 1186 726 1222; x_wconf 86' lang='lat' dir='ltr'><strong>artem</strong></span> <span class='ocrx_word' id='word_1_86' title='bbox 753 1183 1002 1222; x_wconf 82' lang='lat' dir='ltr'><strong>innocentem.</strong></span> <span class='ocrx_word' id='word_1_87' title='bbox 1045 1182 1155 1232; x_wconf 79' lang='lat' dir='ltr'><strong>Quod</strong></span> <span class='ocrx_word' id='word_1_88' title='bbox 1174 1186 1220 1221; x_wconf 88' lang='lat' dir='ltr'><strong>ut</strong></span> <span class='ocrx_word' id='word_1_89' title='bbox 1242 1180 1408 1221; x_wconf 89' lang='lat' dir='ltr'><strong>medicae</strong></span> <span class='ocrx_word' id='word_1_90' title='bbox 1431 1182 1502 1221; x_wconf 85' lang='lat' dir='ltr'><strong>arti</strong></span> <span class='ocrx_word' id='word_1_91' title='bbox 1530 1195 1638 1234; x_wconf 83' lang='lat' dir='ltr'><strong>saepe</strong></span> 
     </span>
     <span class='ocr_line' id='line_1_14' title="bbox 387 1254 1639 1306; baseline -0.001 -12"><span class='ocrx_word' id='word_1_92' title='bbox 387 1254 509 1294; x_wconf 89' lang='lat' dir='ltr'><strong>evenit</strong></span> <span class='ocrx_word' id='word_1_93' title='bbox 535 1255 589 1294; x_wconf 83' lang='lat' dir='ltr'><strong>sic</strong></span> <span class='ocrx_word' id='word_1_94' title='bbox 625 1254 773 1294; x_wconf 78' lang='lat' dir='ltr'><strong>criticae</strong></span> <span class='ocrx_word' id='word_1_95' title='bbox 801 1254 967 1294; x_wconf 84' lang='lat' dir='ltr'><strong>evenisse</strong></span> <span class='ocrx_word' id='word_1_96' title='bbox 1005 1258 1089 1306; x_wconf 85' lang='lat' dir='ltr'><strong>quis</strong></span> <span class='ocrx_word' id='word_1_97' title='bbox 1118 1258 1174 1294; x_wconf 85' lang='lat' dir='ltr'><strong>est</strong></span> <span class='ocrx_word' id='word_1_98' title='bbox 1202 1254 1268 1306; x_wconf 93' lang='lat' dir='ltr'><strong>qui</strong></span> <span class='ocrx_word' id='word_1_99' title='bbox 1296 1254 1476 1294; x_wconf 81' lang='lat' dir='ltr'><strong>miretur?</strong></span> <span class='ocrx_word' id='word_1_100' title='bbox 1532 1254 1639 1304; x_wconf 80' lang='lat' dir='ltr'><strong>Quae</strong></span> 
     </span>
     <span class='ocr_line' id='line_1_15' title="bbox 387 1325 1638 1379; baseline 0 -14"><span class='ocrx_word' id='word_1_101' title='bbox 387 1325 536 1377; x_wconf 87' lang='lat' dir='ltr'><strong>quidem</strong></span> <span class='ocrx_word' id='word_1_102' title='bbox 569 1327 648 1366; x_wconf 89' lang='lat' dir='ltr'><strong>iure</strong></span> <span class='ocrx_word' id='word_1_103' title='bbox 681 1340 747 1365; x_wconf 86' lang='lat' dir='ltr'><strong>suo</strong></span> <span class='ocrx_word' id='word_1_104' title='bbox 784 1327 951 1366; x_wconf 91' lang='lat' dir='ltr'><strong>omnium</strong></span> <span class='ocrx_word' id='word_1_105' title='bbox 989 1327 1224 1366; x_wconf 86' lang='lat' dir='ltr'><strong>scientiarum</strong></span> <span class='ocrx_word' id='word_1_106' title='bbox 1262 1327 1410 1365; x_wconf 89' lang='lat' dir='ltr'><strong>domina</strong></span> <span class='ocrx_word' id='word_1_107' title='bbox 1445 1330 1483 1366; x_wconf 90' lang='lat' dir='ltr'><strong>et</strong></span> <span class='ocrx_word' id='word_1_108' title='bbox 1510 1326 1638 1379; x_wconf 85' lang='lat' dir='ltr'><strong>regina</strong></span> 
     </span>
     <span class='ocr_line' id='line_1_16' title="bbox 386 1399 1636 1451; baseline 0 -13"><span class='ocrx_word' id='word_1_109' title='bbox 386 1399 617 1438; x_wconf 88' lang='lat' dir='ltr'><strong>benemultos</strong></span> <span class='ocrx_word' id='word_1_110' title='bbox 646 1413 767 1439; x_wconf 89' lang='lat' dir='ltr'><strong>amore</strong></span> <span class='ocrx_word' id='word_1_111' title='bbox 795 1399 853 1438; x_wconf 88' lang='lat' dir='ltr'><strong>sui</strong></span> <span class='ocrx_word' id='word_1_112' title='bbox 880 1399 1046 1439; x_wconf 87' lang='lat' dir='ltr'><strong>incendit</strong></span> <span class='ocrx_word' id='word_1_113' title='bbox 1069 1400 1236 1438; x_wconf 87' lang='lat' dir='ltr'><strong>homines</strong></span> <span class='ocrx_word' id='word_1_114' title='bbox 1258 1402 1484 1451; x_wconf 81' lang='lat' dir='ltr'><strong>arroganteS‚</strong></span> <span class='ocrx_word' id='word_1_115' title='bbox 1513 1399 1636 1447; x_wconf 82' lang='lat' dir='ltr'><strong>leves,</strong></span> 
     </span>
     <span class='ocr_line' id='line_1_17' title="bbox 383 1469 1636 1523; baseline 0 -15"><span class='ocrx_word' id='word_1_116' title='bbox 383 1469 552 1520; x_wconf 81' lang='lat' dir='ltr'><strong>loquaces</strong></span> <span class='ocrx_word' id='word_1_117' title='bbox 593 1470 732 1522; x_wconf 90' lang='lat' dir='ltr'><strong>quique</strong></span> <span class='ocrx_word' id='word_1_118' title='bbox 772 1470 911 1523; x_wconf 87' lang='lat' dir='ltr'><strong>regiam</strong></span> <span class='ocrx_word' id='word_1_119' title='bbox 953 1470 1172 1523; x_wconf 85' lang='lat' dir='ltr'><strong>dignitatem</strong></span> <span class='ocrx_word' id='word_1_120' title='bbox 1218 1484 1260 1509; x_wconf 88' lang='lat' dir='ltr'><strong>ac</strong></span> <span class='ocrx_word' id='word_1_121' title='bbox 1303 1470 1531 1509; x_wconf 82' lang='lat' dir='ltr'><strong>maiestatem</strong></span> <span class='ocrx_word' id='word_1_122' title='bbox 1574 1483 1636 1522; x_wconf 90' lang='lat' dir='ltr'><strong>pa-</strong></span> 
     </span>
     <span class='ocr_line' id='line_1_18' title="bbox 382 1541 1636 1593; baseline 0 -13"><span class='ocrx_word' id='word_1_123' title='bbox 382 1556 463 1580; x_wconf 91' lang='lat' dir='ltr'><strong>rum</strong></span> <span class='ocrx_word' id='word_1_124' title='bbox 497 1542 749 1581; x_wconf 84' lang='lat' dir='ltr'><strong>vindicabant.</strong></span> <span class='ocrx_word' id='word_1_125' title='bbox 805 1541 969 1581; x_wconf 88' lang='lat' dir='ltr'><strong>Omnino</strong></span> <span class='ocrx_word' id='word_1_126' title='bbox 998 1556 1124 1581; x_wconf 89' lang='lat' dir='ltr'><strong>verum</strong></span> <span class='ocrx_word' id='word_1_127' title='bbox 1162 1546 1220 1581; x_wconf 83' lang='lat' dir='ltr'><strong>est</strong></span> <span class='ocrx_word' id='word_1_128' title='bbox 1247 1543 1349 1592; x_wconf 92' lang='lat' dir='ltr'><strong>quod</strong></span> <span class='ocrx_word' id='word_1_129' title='bbox 1376 1543 1636 1593; x_wconf 87' lang='lat' dir='ltr'><strong>pronuntiavit</strong></span> 
     </span>
     <span class='ocr_line' id='line_1_19' title="bbox 383 1612 1638 1664; baseline 0.001 -12"><span class='ocrx_word' id='word_1_130' title='bbox 383 1612 622 1652; x_wconf 71' lang='lat' dir='ltr'><strong>Ruhnkeniua</strong></span> <span class='ocrx_word' id='word_1_131' title='bbox 664 1612 703 1651; x_wconf 93' lang='lat' dir='ltr'><strong>in</strong></span> <span class='ocrx_word' id='word_1_132' title='bbox 746 1612 873 1664; x_wconf 69' lang='lat' dir='ltr'><strong>Eloyt&#39;o</strong></span> <span class='ocrx_word' id='word_1_133' title='bbox 915 1613 1199 1654; x_wconf 68' lang='lat' dir='ltr'><strong>Hematerhusii:</strong></span> <span class='ocrx_word' id='word_1_134' title='bbox 1249 1612 1530 1662; x_wconf 61' lang='lat' dir='ltr'><strong>&#39;&#39;excellentium</strong></span> <span class='ocrx_word' id='word_1_135' title='bbox 1569 1612 1638 1653; x_wconf 89' lang='lat' dir='ltr'><strong>cri-</strong></span> 
     </span>
     <span class='ocr_line' id='line_1_20' title="bbox 383 1685 1637 1738; baseline 0 -14"><span class='ocrx_word' id='word_1_136' title='bbox 383 1686 538 1725; x_wconf 84' lang='lat' dir='ltr'><strong>ticorum</strong></span> <span class='ocrx_word' id='word_1_137' title='bbox 577 1699 756 1724; x_wconf 85' lang='lat' dir='ltr'><strong>summam</strong></span> <span class='ocrx_word' id='word_1_138' title='bbox 792 1687 893 1724; x_wconf 90' lang='lat' dir='ltr'><strong>omni</strong></span> <span class='ocrx_word' id='word_1_139' title='bbox 921 1690 1087 1738; x_wconf 89' lang='lat' dir='ltr'><strong>tempore</strong></span> <span class='ocrx_word' id='word_1_140' title='bbox 1115 1687 1231 1725; x_wconf 83' lang='lat' dir='ltr'><strong>fuisse</strong></span> <span class='ocrx_word' id='word_1_141' title='bbox 1267 1685 1536 1738; x_wconf 81' lang='lat' dir='ltr'><strong>paucitatem&#39;’;</strong></span> <span class='ocrx_word' id='word_1_142' title='bbox 1574 1686 1637 1724; x_wconf 88' lang='lat' dir='ltr'><strong>ad·</strong></span> 
     </span>
     <span class='ocr_line' id='line_1_21' title="bbox 381 1752 1635 1812; baseline 0.002 -15"><span class='ocrx_word' id='word_1_143' title='bbox 381 1757 465 1798; x_wconf 87' lang='lat' dir='ltr'><strong>dere</strong></span> <span class='ocrx_word' id='word_1_144' title='bbox 500 1760 645 1811; x_wconf 73' lang='lat' dir='ltr'><strong>poterat</strong></span> <span class='ocrx_word' id='word_1_145' title='bbox 685 1772 786 1798; x_wconf 91' lang='lat' dir='ltr'><strong>more</strong></span> <span class='ocrx_word' id='word_1_146' title='bbox 823 1772 891 1799; x_wconf 82' lang='lat' dir='ltr'><strong>suo</strong></span> <span class='ocrx_word' id='word_1_147' title='bbox 934 1758 974 1799; x_wconf 88' lang='lat' dir='ltr'><strong>id</strong></span> <span class='ocrx_word' id='word_1_148' title='bbox 1013 1763 1068 1799; x_wconf 84' lang='lat' dir='ltr'><strong>est</strong></span> <span class='ocrx_word' id='word_1_149' title='bbox 1111 1759 1273 1812; x_wconf 85' lang='lat' dir='ltr'><strong>graviter</strong></span> <span class='ocrx_word' id='word_1_150' title='bbox 1310 1773 1353 1799; x_wconf 87' lang='lat' dir='ltr'><strong>ac</strong></span> <span class='ocrx_word' id='word_1_151' title='bbox 1377 1752 1535 1800; x_wconf 73' lang='lat' dir='ltr'><strong>severe:</strong></span> <span class='ocrx_word' id='word_1_152' title='bbox 1574 1758 1635 1799; x_wconf 89' lang='lat' dir='ltr'><strong>dc-</strong></span> 
     </span>
     <span class='ocr_line' id='line_1_22' title="bbox 381 1830 1633 1882; baseline 0.001 -14"><span class='ocrx_word' id='word_1_153' title='bbox 381 1830 507 1869; x_wconf 82' lang='lat' dir='ltr'><strong>formis</strong></span> <span class='ocrx_word' id='word_1_154' title='bbox 548 1830 835 1869; x_wconf 80' lang='lat' dir='ltr'><strong>criticastrorum</strong></span> <span class='ocrx_word' id='word_1_155' title='bbox 885 1831 987 1869; x_wconf 89' lang='lat' dir='ltr'><strong>natio</strong></span> <span class='ocrx_word' id='word_1_156' title='bbox 1032 1845 1122 1870; x_wconf 85' lang='lat' dir='ltr'><strong>naso</strong></span> <span class='ocrx_word' id='word_1_157' title='bbox 1163 1831 1386 1882; x_wconf 88' lang='lat' dir='ltr'><strong>auribusque</strong></span> <span class='ocrx_word' id='word_1_158' title='bbox 1430 1831 1633 1870; x_wconf 85' lang='lat' dir='ltr'><strong>carentium</strong></span> 
     </span>
     <span class='ocr_line' id='line_1_23' title="bbox 382 1902 1635 1954; baseline 0.001 -13"><span class='ocrx_word' id='word_1_159' title='bbox 382 1902 515 1941; x_wconf 81' lang='lat' dir='ltr'><strong>mirum</strong></span> <span class='ocrx_word' id='word_1_160' title='bbox 545 1916 657 1953; x_wconf 87' lang='lat' dir='ltr'><strong>quam</strong></span> <span class='ocrx_word' id='word_1_161' title='bbox 690 1916 832 1954; x_wconf 85' lang='lat' dir='ltr'><strong>semper</strong></span> <span class='ocrx_word' id='word_1_162' title='bbox 867 1902 995 1942; x_wconf 89' lang='lat' dir='ltr'><strong>floruit</strong></span> <span class='ocrx_word' id='word_1_163' title='bbox 1029 1909 1066 1941; x_wconf 85' lang='lat' dir='ltr'><strong>et</strong></span> <span class='ocrx_word' id='word_1_164' title='bbox 1101 1903 1313 1942; x_wconf 87' lang='lat' dir='ltr'><strong>etiamnunc</strong></span> <span class='ocrx_word' id='word_1_165' title='bbox 1349 1904 1466 1942; x_wconf 90' lang='lat' dir='ltr'><strong>floret.</strong></span> <span class='ocrx_word' id='word_1_166' title='bbox 1522 1903 1635 1953; x_wconf 83' lang='lat' dir='ltr'><strong>Cogi-</strong></span> 
     </span>
     <span class='ocr_line' id='line_1_24' title="bbox 381 1973 1635 2025; baseline 0.001 -13"><span class='ocrx_word' id='word_1_167' title='bbox 381 1973 476 2012; x_wconf 88' lang='lat' dir='ltr'><strong>tanti</strong></span> <span class='ocrx_word' id='word_1_168' title='bbox 510 1987 598 2012; x_wconf 88' lang='lat' dir='ltr'><strong>vero</strong></span> <span class='ocrx_word' id='word_1_169' title='bbox 636 1973 730 2012; x_wconf 86' lang='lat' dir='ltr'><strong>mihi</strong></span> <span class='ocrx_word' id='word_1_170' title='bbox 771 1974 862 2025; x_wconf 92' lang='lat' dir='ltr'><strong>quid</strong></span> <span class='ocrx_word' id='word_1_171' title='bbox 902 1973 1053 2013; x_wconf 87' lang='lat' dir='ltr'><strong>tandem</strong></span> <span class='ocrx_word' id='word_1_172' title='bbox 1095 1975 1144 2013; x_wconf 88' lang='lat' dir='ltr'><strong>sit</strong></span> <span class='ocrx_word' id='word_1_173' title='bbox 1184 1987 1250 2013; x_wconf 88' lang='lat' dir='ltr'><strong>cur</strong></span> <span class='ocrx_word' id='word_1_174' title='bbox 1285 1987 1360 2013; x_wconf 92' lang='lat' dir='ltr'><strong>non</strong></span> <span class='ocrx_word' id='word_1_175' title='bbox 1396 1974 1539 2013; x_wconf 87' lang='lat' dir='ltr'><strong>indocti</strong></span> <span class='ocrx_word' id='word_1_176' title='bbox 1575 1975 1635 2014; x_wconf 91' lang='lat' dir='ltr'><strong>vel</strong></span> 
     </span>
     <span class='ocr_line' id='line_1_25' title="bbox 381 2045 1636 2095; baseline 0.002 -11"><span class='ocrx_word' id='word_1_177' title='bbox 381 2045 575 2085; x_wconf 88' lang='lat' dir='ltr'><strong>semidocti</strong></span> <span class='ocrx_word' id='word_1_178' title='bbox 613 2049 760 2085; x_wconf 85' lang='lat' dir='ltr'><strong>tantum</strong></span> <span class='ocrx_word' id='word_1_179' title='bbox 795 2046 862 2085; x_wconf 85' lang='lat' dir='ltr'><strong>sed</strong></span> <span class='ocrx_word' id='word_1_180' title='bbox 899 2047 1012 2086; x_wconf 84' lang='lat' dir='ltr'><strong>etiam</strong></span> <span class='ocrx_word' id='word_1_181' title='bbox 1050 2047 1132 2095; x_wconf 88' lang='lat' dir='ltr'><strong>alii,</strong></span> <span class='ocrx_word' id='word_1_182' title='bbox 1170 2046 1272 2086; x_wconf 89' lang='lat' dir='ltr'><strong>acuti</strong></span> <span class='ocrx_word' id='word_1_183' title='bbox 1306 2060 1392 2085; x_wconf 87' lang='lat' dir='ltr'><strong>sane</strong></span> <span class='ocrx_word' id='word_1_184' title='bbox 1428 2050 1466 2085; x_wconf 90' lang='lat' dir='ltr'><strong>et</strong></span> <span class='ocrx_word' id='word_1_185' title='bbox 1499 2047 1636 2086; x_wconf 89' lang='lat' dir='ltr'><strong>eruditi</strong></span> 
     </span>
     <span class='ocr_line' id='line_1_26' title="bbox 379 2117 1637 2170; baseline 0.001 -13"><span class='ocrx_word' id='word_1_186' title='bbox 379 2117 566 2166; x_wconf 84' lang='lat' dir='ltr'><strong>homines,</strong></span> <span class='ocrx_word' id='word_1_187' title='bbox 610 2118 763 2159; x_wconf 86' lang='lat' dir='ltr'><strong>simulac</strong></span> <span class='ocrx_word' id='word_1_188' title='bbox 800 2118 966 2159; x_wconf 83' lang='lat' dir='ltr'><strong>criticam</strong></span> <span class='ocrx_word' id='word_1_189' title='bbox 1003 2122 1194 2162; x_wconf 87' lang='lat' dir='ltr'><strong>exerceant</strong></span> <span class='ocrx_word' id='word_1_190' title='bbox 1222 2118 1347 2158; x_wconf 88' lang='lat' dir='ltr'><strong>statim</strong></span> <span class='ocrx_word' id='word_1_191' title='bbox 1377 2118 1482 2170; x_wconf 83' lang='lat' dir='ltr'><strong>quasi</strong></span> <span class='ocrx_word' id='word_1_192' title='bbox 1516 2119 1637 2159; x_wconf 86' lang='lat' dir='ltr'><strong>hallu-</strong></span> 
     </span>
     <span class='ocr_line' id='line_1_27' title="bbox 381 2189 1637 2242; baseline 0.002 -14"><span class='ocrx_word' id='word_1_193' title='bbox 381 2189 553 2228; x_wconf 89' lang='lat' dir='ltr'><strong>cinentur</strong></span> <span class='ocrx_word' id='word_1_194' title='bbox 574 2194 612 2228; x_wconf 95' lang='lat' dir='ltr'><strong>et</strong></span> <span class='ocrx_word' id='word_1_195' title='bbox 640 2190 736 2229; x_wconf 89' lang='lat' dir='ltr'><strong>nihil</strong></span> <span class='ocrx_word' id='word_1_196' title='bbox 765 2190 908 2238; x_wconf 86' lang='lat' dir='ltr'><strong>dicant,</strong></span> <span class='ocrx_word' id='word_1_197' title='bbox 937 2190 1008 2229; x_wconf 90' lang='lat' dir='ltr'><strong>hoc</strong></span> <span class='ocrx_word' id='word_1_198' title='bbox 1035 2190 1269 2242; x_wconf 87' lang='lat' dir='ltr'><strong>potissimum</strong></span> <span class='ocrx_word' id='word_1_199' title='bbox 1294 2190 1440 2229; x_wconf 88' lang='lat' dir='ltr'><strong>videtur</strong></span> <span class='ocrx_word' id='word_1_200' title='bbox 1461 2191 1503 2229; x_wconf 89' lang='lat' dir='ltr'><strong>in</strong></span> <span class='ocrx_word' id='word_1_201' title='bbox 1526 2204 1637 2230; x_wconf 85' lang='lat' dir='ltr'><strong>causa</strong></span> 
     </span>
     <span class='ocr_line' id='line_1_28' title="bbox 381 2262 1635 2316; baseline -0.002 -13"><span class='ocrx_word' id='word_1_202' title='bbox 381 2277 458 2303; x_wconf 87' lang='lat' dir='ltr'><strong>esse</strong></span> <span class='ocrx_word' id='word_1_203' title='bbox 488 2263 587 2315; x_wconf 91' lang='lat' dir='ltr'><strong>quod</strong></span> <span class='ocrx_word' id='word_1_204' title='bbox 615 2263 727 2316; x_wconf 90' lang='lat' dir='ltr'><strong>vulgo</strong></span> <span class='ocrx_word' id='word_1_205' title='bbox 755 2277 839 2303; x_wconf 89' lang='lat' dir='ltr'><strong>cum</strong></span> <span class='ocrx_word' id='word_1_206' title='bbox 873 2263 1084 2303; x_wconf 83' lang='lat' dir='ltr'><strong>necessariis</strong></span> <span class='ocrx_word' id='word_1_207' title='bbox 1121 2262 1234 2301; x_wconf 85' lang='lat' dir='ltr'><strong>huius</strong></span> <span class='ocrx_word' id='word_1_208' title='bbox 1268 2262 1484 2315; x_wconf 88' lang='lat' dir='ltr'><strong>disciplinae</strong></span> <span class='ocrx_word' id='word_1_209' title='bbox 1520 2262 1635 2302; x_wconf 87' lang='lat' dir='ltr'><strong>admi-</strong></span> 
     </span>
     <span class='ocr_line' id='line_1_29' title="bbox 381 2334 1635 2391; baseline -0.002 -16"><span class='ocrx_word' id='word_1_210' title='bbox 381 2336 514 2375; x_wconf 88' lang='lat' dir='ltr'><strong>niculis</strong></span> <span class='ocrx_word' id='word_1_211' title='bbox 550 2339 631 2375; x_wconf 85' lang='lat' dir='ltr'><strong>tum</strong></span> <span class='ocrx_word' id='word_1_212' title='bbox 669 2335 784 2375; x_wconf 89' lang='lat' dir='ltr'><strong>animi</strong></span> <span class='ocrx_word' id='word_1_213' title='bbox 811 2335 990 2375; x_wconf 87' lang='lat' dir='ltr'><strong>modestia</strong></span> <span class='ocrx_word' id='word_1_214' title='bbox 1024 2335 1131 2387; x_wconf 84' lang='lat' dir='ltr'><strong>plane</strong></span> <span class='ocrx_word' id='word_1_215' title='bbox 1162 2334 1332 2374; x_wconf 86' lang='lat' dir='ltr'><strong>destituti</strong></span> <span class='ocrx_word' id='word_1_216' title='bbox 1368 2334 1540 2391; x_wconf 84' lang='lat' dir='ltr'><strong>audacter</strong></span> <span class='ocrx_word' id='word_1_217' title='bbox 1572 2334 1635 2373; x_wconf 86' lang='lat' dir='ltr'><strong>ha-</strong></span> 
     </span>
     <span class='ocr_line' id='line_1_30' title="bbox 380 2408 1634 2460; baseline 0.001 -14"><span class='ocrx_word' id='word_1_218' title='bbox 380 2408 546 2448; x_wconf 85' lang='lat' dir='ltr'><strong>riolando</strong></span> <span class='ocrx_word' id='word_1_219' title='bbox 575 2409 697 2448; x_wconf 85' lang='lat' dir='ltr'><strong>omnia</strong></span> <span class='ocrx_word' id='word_1_220' title='bbox 725 2412 916 2459; x_wconf 88' lang='lat' dir='ltr'><strong>utcunque</strong></span> <span class='ocrx_word' id='word_1_221' title='bbox 957 2408 1128 2460; x_wconf 88' lang='lat' dir='ltr'><strong>expedire</strong></span> <span class='ocrx_word' id='word_1_222' title='bbox 1166 2408 1318 2456; x_wconf 88' lang='lat' dir='ltr'><strong>volunt,</strong></span> <span class='ocrx_word' id='word_1_223' title='bbox 1359 2408 1436 2447; x_wconf 89' lang='lat' dir='ltr'><strong>imo</strong></span> <span class='ocrx_word' id='word_1_224' title='bbox 1465 2422 1550 2447; x_wconf 89' lang='lat' dir='ltr'><strong>vero</strong></span> <span class='ocrx_word' id='word_1_225' title='bbox 1587 2422 1634 2447; x_wconf 90' lang='lat' dir='ltr'><strong>ne</strong></span> 
     </span>
     <span class='ocr_line' id='line_1_31' title="bbox 380 2479 1633 2533; baseline 0.002 -15"><span class='ocrx_word' id='word_1_226' title='bbox 380 2493 423 2518; x_wconf 86' lang='lat' dir='ltr'><strong>ea</strong></span> <span class='ocrx_word' id='word_1_227' title='bbox 458 2479 605 2531; x_wconf 90' lang='lat' dir='ltr'><strong>quidem</strong></span> <span class='ocrx_word' id='word_1_228' title='bbox 647 2481 786 2520; x_wconf 86' lang='lat' dir='ltr'><strong>intacta</strong></span> <span class='ocrx_word' id='word_1_229' title='bbox 822 2480 1035 2531; x_wconf 85' lang='lat' dir='ltr'><strong>relinquunt</strong></span> <span class='ocrx_word' id='word_1_230' title='bbox 1071 2494 1183 2531; x_wconf 89' lang='lat' dir='ltr'><strong>quae,</strong></span> <span class='ocrx_word' id='word_1_231' title='bbox 1222 2495 1306 2520; x_wconf 90' lang='lat' dir='ltr'><strong>cum</strong></span> <span class='ocrx_word' id='word_1_232' title='bbox 1344 2485 1473 2533; x_wconf 89' lang='lat' dir='ltr'><strong>suapte</strong></span> <span class='ocrx_word' id='word_1_233' title='bbox 1499 2485 1633 2521; x_wconf 87' lang='lat' dir='ltr'><strong>natura</strong></span> 
     </span>
    </p>
   </div>
  </div>
 </body>
</html>
