1937 3075
915 254 960 292 71

307 384 346 419 at
373 381 482 420 valde
518 381 719 433 speciosam
755 385 890 420 tamen.
945 383 1081 421 Paucis
1116 382 1317 435 philologis
1344 382 1474 433 ignota
1502 384 1559 418 est

308 453 461 505 epistola
476 453 700 492 Menecratis
718 453 853 493 medici
872 453 1092 505 Syracusani
1114 455 1161 493 ad
1174 454 1386 506 Philippum
1405 452 1558 505 (Athen.

289 511 392 564 xLib.
423 525 500 572 VI,
531 539 615 576 pag.
647 527 744 572 289,
774 525 814 575 d)
851 525 908 563 his
936 525 1058 564 verbis
1082 525 1280 577 incipiens:
1310 523 1557 573 Μενεκράτης

308 595 402 639 Ζεὺς
434 599 532 648 (nam
571 596 664 635 alter
696 596 841 649 Iupiter
878 597 950 636 sibi
980 597 1174 636 videbatur
1196 597 1446 644 Menecrates,
1481 596 1560 648 ipse

308 681 456 719 quoque
485 672 593 707 coetu
621 682 697 707 non
725 668 936 708 mortalium
957 669 1020 708 sed
1044 669 1194 707 deorum
1218 668 1360 706 cinctus
1390 668 1454 718 (cf.
1473 681 1560 719 pag.

308 742 386 779 289
416 740 439 779 b
473 745 510 779 et
545 742 599 793 c))
639 741 886 790 Μενεκράτης
927 741 1020 784 Ζεὺς
1055 741 1233 789 Φιλίππῳ
1268 740 1430 789 χαίρειν.
1488 739 1561 779 Cui

308 812 502 866 Philippus
530 813 582 852 ita
611 828 676 866 per
703 814 825 853 iocum
855 814 1064 866 respondit:
1104 813 1293 855 Φίλιππος
1323 810 1559 861 Μενεκράτει

309 887 504 932 ὑγιαίνειν.
563 886 760 938 Comparat
789 901 827 925 se
863 888 953 925 satis
980 888 1135 925 ridicule
1165 900 1284 925 novus
1316 887 1468 925 deorum
1496 885 1563 923 ho-

307 959 522 1010 minumque
549 962 653 1010 pater
679 973 763 998 cum
792 972 876 1011 rege
905 959 1164 1007 Macedoniae,
1194 958 1247 997 ita
1272 958 1456 997 scribens:
1485 970 1561 996 τοι-

309 1034 449 1079 γαροῦν
489 1031 531 1069 σὲ
563 1032 632 1077 μὲν
662 1031 881 1074 Μακεδόνες
912 1032 1195 1080 δορυφοροῦσιν,
1240 1031 1308 1078 ἐμὲ
1347 1032 1384 1070 δὲ
1424 1031 1489 1070 καὶ
1520 1032 1561 1069 οἱ

305 1104 513 1152 μέλλοντες
544 1103 708 1143 ἔσεσθαι.
768 1105 861 1147 Ζεὺς
892 1104 968 1153 γὰρ
1003 1105 1076 1151 ἐγὼ
1106 1105 1235 1147 αὐτοῖς
1269 1103 1353 1152 βίον
1383 1104 1557 1153 παρέχω.

359 1176 434 1215 Vix
467 1177 600 1216 ultima
624 1177 796 1228 explicari
821 1181 987 1228 possunt.
1042 1177 1289 1216 Probabiliter
1316 1181 1440 1216 autem
1464 1177 1558 1216 Mei·

304 1249 438 1289 nekius
478 1249 634 1289 inseruit
677 1248 736 1288 άεὶ
782 1248 881 1300 quod
918 1261 1026 1301 saepe
1063 1248 1216 1289 excidit.
1272 1248 1379 1288 Adde
1409 1248 1560 1288 Valcke-

303 1322 516 1360 naerianum
559 1322 651 1360 θεοὶ
695 1335 761 1373 pro
804 1322 835 1359 οἱ
874 1325 913 1359 et
953 1321 1106 1359 habebis
1136 1320 1246 1359 verba
1278 1321 1371 1360 bene
1406 1321 1556 1361 Graeca.

304 1392 467 1433 Omnino
495 1393 580 1433 vide
609 1393 708 1446 apud
737 1393 969 1432 Athenaeum
999 1406 1095 1444 quae
1123 1392 1295 1446 deinceps
1323 1396 1529 1433 narrantur.

358 1466 462 1504 Haec
491 1466 536 1504 de
565 1465 765 1512 coelicolis,
793 1465 868 1503 iam
894 1465 1084 1503 videamus
1112 1465 1158 1503 de
1186 1464 1414 1503 mortalibus.

358 1536 437 1586 Qui
468 1536 625 1577 homines
653 1536 883 1590 ''sapientes'’
913 1527 1022 1588 (ffel)
1062 1539 1166 1576 erant
1202 1535 1389 1575 interdum
1421 1535 1556 1575 descri-

302 1609 472 1648 bentium
513 1609 657 1648 incuria
705 1609 874 1648 conversi
919 1613 1006 1647 sunt
1052 1609 1091 1647 in
1139 1610 1317 1647 dementes
1357 1613 1396 1647 et
1435 1609 1557 1649 minos

303 1680 450 1733 (ἄνους,
480 1681 595 1733 ὅνους)
624 1681 679 1720 nil
708 1682 782 1721 tale
819 1682 1037 1721 commeriti.
1066 1705 1119 1711 —
1147 1681 1271 1720 Multa
1303 1694 1346 1720 ex
1378 1681 1449 1721 1100
1478 1695 1557 1721 001·-

300 1754 465 1805 ruptelae
492 1767 625 1805 genere
653 1753 863 1791 felicissime
891 1754 1058 1791 restituit
1088 1753 1298 1801 Bentleius,
1330 1767 1439 1804 quem
1470 1754 1555 1793 vide

299 1825 350 1863 sis
387 1825 425 1863 in
462 1825 655 1864 Menandr.
690 1839 726 1876 p.
758 1826 807 1862 66
842 1824 907 1863 ubi
949 1839 994 1863 ex
1034 1829 1155 1863 ΑΝΩ
1207 1826 1309 1864 elicit
1350 1826 1555 1877 genuinum

300 1903 421 1937 ΑΝΩ
450 1899 546 1946 ἄνω,
584 1897 774 1949 aliquanto
810 1897 938 1937 melius
977 1912 1088 1949 quam
1116 1897 1271 1937 Grotius
1300 1898 1364 1949 qui
1393 1902 1554 1937 mutave-

299 1976 357 2010 rat
385 1971 541 2019 βροτῶν.

353 2044 491 2083 Eadem
533 2043 717 2082 medicina
759 2042 966 2082 adhibenda
1006 2042 1163 2082 vitiosae
1200 2043 1402 2096 scripturae
1440 2058 1551 2095 quam

299 2116 345 2154 ad
386 2116 485 2155 1111110
526 2129 645 2166 usque
683 2115 779 2154 diem
822 2114 889 2153 alit
931 2116 1034 2153 locus
1072 2115 1252 2153 Athenaei
1303 2115 1400 2165 (Lib.
1428 2115 1550 2164 VIII,

298 2203 336 2240 p.
376 2190 450 2228 367
488 2188 526 2239 b)
570 2188 848 2239 colloquuntur
893 2188 924 2226 οἱ
968 2187 1277 2236 δειπνοσοφισταὶ
1329 2202 1431 2227 more
1483 2202 1550 2227 suo

297 2274 410 2311 seque
431 2260 593 2299 invicem
618 2260 858 2298 admirantur.
915 2259 1161 2298 Gravissimas
1185 2260 1420 2310 quaestiones
1448 2261 1556 2312 ponit

297 2332 495 2384 Ulpianus,
518 2332 678 2384 primum
700 2332 744 2371 de
767 2332 951 2370 adiectivo
967 2333 1137 2380 τακερὸς,
1161 2332 1293 2371 deinde
1314 2333 1360 2372 de
1382 2347 1452 2373 usu
1473 2348 1552 2373 ver·

297 2406 425 2445 borum
456 2407 556 2443 νᾶπυ
587 2409 624 2443 et
652 2405 792 2443 σίναπυ
818 2408 888 2443 etc.
945 2404 1016 2443 Per
1044 2418 1154 2456 quam
1189 2404 1378 2457 ingeniose
1404 2419 1552 2457 respon-

297 2478 359 2517 det
387 2478 403 2515 ὁ
434 2476 551 2521 καλὸς
582 2477 741 2525 Ζωίλος,
773 2490 855 2515 cum
893 2476 964 2515 alia
991 2490 1087 2515 nova
1121 2477 1255 2516 doeens
1283 2482 1362 2516 tum
1390 2477 1554 2529 insignes
