1937 3075
979 261 1029 298 66

373 386 421 426 ad
446 386 610 433 ἀναξίων
629 387 859 439 suppleveris
880 387 1157 434 πημαίνεσθαι,
1188 387 1252 426 sed
1279 386 1517 426 verisimilius
1540 387 1633 426 mihi

371 459 520 499 videtur
547 463 618 499 τῶν
649 461 713 508 μὴ
743 460 996 500 ἀναιτίων.

425 548 445 582 ρ
474 533 654 573 facillime
693 534 938 573 confunditur
974 547 1057 572 cum
1089 547 1123 581 0,
1163 532 1338 583 quoniam
1368 533 1494 571 tenuis
1528 533 1632 571 unci-

372 604 486 644 nulus
514 605 627 645 huius
655 605 782 660 literae
805 605 875 644 sub
907 604 1137 644 rotunditate
1165 603 1396 654 παραλόγως
1427 617 1547 643 crassa
1567 604 1632 643 vix

373 678 549 717 cernitur.
605 678 756 717 Nomen
793 678 982 730 proprium
1027 677 1145 716 Οἵνων
1179 677 1265 717 inde
1303 677 1402 728 quod
1441 676 1633 730 legebatur

372 750 463 789 olim
487 751 587 803 apud
609 750 812 789 Isocratem
836 763 880 789 ex
903 750 1198 802 Harpocratione
1218 754 1423 790 correctum
1447 750 1487 789 in
1506 749 1629 788 Ῥίνων

374 822 474 874 (vide
503 822 622 874 Harp.
650 823 692 861 in
721 836 810 862 voce
839 836 925 862 cum
954 826 1041 861 nota
1069 823 1287 874 Maussaci).

425 909 469 944 τρ
498 895 530 934 si
565 908 638 934 uno
660 894 774 934 ductu
799 899 1009 943 exarantur,
1039 909 1064 934 τ
1092 895 1279 934 interdum
1308 909 1329 934 a
1356 910 1374 944 ρ
1404 894 1630 935 absorbetur.

372 968 488 1017 Quod
515 971 558 1006 ut
586 967 658 1006 tibi
680 967 901 1019 persuadeas
929 981 1079 1019 prorsus
1110 981 1257 1006 necesse
1285 972 1341 1006 est
1368 968 1488 1006 varias
1516 968 1630 1019 scrip-

372 1044 475 1079 turas
516 1053 562 1079 ex
603 1040 695 1092 ipsis
737 1039 844 1079 libris
870 1038 981 1079 MSS.
1011 1039 1242 1088 observasse,
1279 1053 1369 1080 nam
1399 1038 1553 1078 formam
1586 1052 1628 1086 τρ

370 1126 491 1164 neque
514 1112 625 1151 facile
657 1111 901 1151 describerem
929 1126 1051 1163 neque
1074 1112 1174 1164 typis
1201 1112 1463 1164 repraesentari
1493 1116 1629 1164 posset.

370 1183 493 1224 Multo
536 1184 659 1224 adhuc
705 1185 935 1237 frequentior
977 1189 1031 1224 est
1078 1184 1286 1224 contrarius
1332 1198 1444 1224 error.
1513 1184 1631 1225 Cuius

370 1257 601 1296 luculentum
631 1257 842 1309 exemplum
872 1257 1023 1310 praebet
1051 1257 1259 1309 Xenophon
1291 1257 1407 1308 (Heu.
1434 1257 1518 1296 Lib.
1552 1257 1610 1296 VI
1618 1288 1630 1306 ‚

372 1331 416 1377 5,
448 1330 487 1380 7)
519 1328 583 1368 ubi
616 1332 701 1368 ante
729 1329 942 1368 Dobraeum
972 1329 1166 1368 edebatur:
1198 1330 1403 1376 ἡττώμενοι
1434 1330 1465 1368 δ’
1484 1331 1514 1369 οἱ
1546 1330 1628 1379 περὶ

371 1401 436 1440 τὸν
466 1400 646 1450 Πρόξενον
675 1401 740 1440 καὶ
771 1401 986 1448 Καλλίβιον
1014 1403 1050 1440 ἐν
1079 1407 1156 1445 τοῖς
1187 1401 1431 1450 θεάτροις.
1489 1402 1633 1455 Legen—

370 1474 484 1512 dum:
525 1474 562 1511 ἐν
598 1479 676 1516 τοῖς
718 1475 911 1522 θεαροῖς
932 1476 975 1525 ¹).
1035 1474 1135 1512 Nam
1171 1475 1291 1522 θεωροὶ
1331 1478 1431 1513 certa
1463 1475 1633 1526 analogia

371 1545 508 1585 Dorice
535 1546 765 1599 appellantur
793 1547 926 1596 θεαροί.
985 1546 1100 1586 Aliud
1138 1548 1345 1600 exemplum
1386 1546 1561 1587 habemus
1594 1547 1633 1586 in

371 1617 546 1656 Isocratis
573 1619 848 1658 Panathenaico
885 1621 906 1670 ᾧ
937 1620 1001 1657 50.
1058 1619 1221 1658 Exhibet
1257 1619 1437 1658 Urbinas:
1478 1621 1528 1662 εἰς
1565 1620 1633 1663 τὴν

374 1690 603 1740 ναυμαχίαν
632 1692 702 1737 τὴν
737 1692 952 1738 ποιήσασαν
983 1691 1166 1740 τροπὴν
1206 1690 1377 1739 ἅπαντας
1415 1695 1480 1732 τοῦ
1520 1692 1635 1732 πολέ-

375 1778 468 1810 μου,
498 1764 631 1815 reliqui
660 1765 805 1804 codices
833 1765 999 1813 ῥοπὴν,
1029 1765 1125 1816 quod
1154 1765 1265 1817 longe
1291 1769 1465 1817 praestat.

432 1839 467 1885 φ
495 1850 643 1888 quoque
666 1850 710 1876 ex
739 1838 857 1889 figura
875 1852 919 1886 τρ
948 1841 1080 1876 natum
1105 1851 1202 1885 esse,
1229 1838 1328 1888 quod
1353 1852 1637 1878 commemorare

376 1908 517 1946 oblitus
554 1912 610 1946 est
651 1909 822 1957 Bestius,
866 1923 941 1948 non
980 1910 1115 1947 mirum
1152 1913 1220 1948 est.
1278 1909 1380 1948 Hinc
1416 1910 1557 1948 factum
1594 1914 1638 1948 ut

379 1979 633 2032 compluribus
660 1980 752 2019 loeis
780 1995 847 2033 pro
876 1986 1093 2030 -τ-ραγεῖν
1118 1985 1325 2031 -φαγεῖν
1356 1982 1511 2034 legatur.
1557 1982 1638 2021 Pri-

379 2066 463 2091 mus
501 2053 603 2103 quod
639 2053 753 2091 sciam
790 2053 890 2092 hunc
927 2068 1089 2092 errorum
1130 2055 1270 2093 fontem
1302 2055 1449 2106 aperuit
1475 2055 1638 2094 Cobetus

377 2124 418 2163 in
444 2125 551 2164 Nov.
580 2124 684 2164 Leot.
714 2139 751 2176 p.
785 2126 860 2164 175
904 2125 971 2165 ubi
1013 2126 1118 2165 affert
1159 2126 1234 2166 duo
1271 2126 1436 2179 exempla
1469 2141 1513 2166 ex
1550 2127 1638 2167 Plu-

375 2195 506 2236 tarcho
545 2196 590 2235 de
629 2209 784 2247 quorum
818 2197 1076 2237 emendatione
1105 2197 1253 2249 liquido
1281 2202 1425 2238 constat
1453 2213 1498 2238 ex
1529 2199 1639 2239 Livio

375 2271 413 2307 et
440 2267 476 2309 I.
505 2267 755 2320 Obsequente.
815 2270 911 2309 Vide
939 2270 1038 2322 apud
1065 2271 1201 2323 ipsum.

417 2496 441 2538 ¹)
476 2493 526 2529 Cf.
549 2493 650 2528 Dobr.
674 2492 758 2527 Adv.
783 2493 817 2533 1,
841 2505 915 2537 pag.
939 2495 1014 2529 129.
