1937 3075
875 256 923 293 11

332 383 473 424 Verum
511 383 699 423 enimvero
738 381 801 422 alii
840 382 915 421 loci
955 386 1154 423 occurrunt
1188 383 1313 423 mutili
1351 396 1452 422 nune
1491 386 1531 425 et

277 455 425 495 obscuri
467 454 536 494 ubi
578 454 725 494 critices
765 454 893 493 lumen
933 454 1133 507 prudenter
1171 454 1360 496 admotum
1402 467 1531 495 omnes

278 528 433 569 nebulas
460 531 611 581 repente
639 527 822 580 dispellet.
878 526 927 567 Id
957 527 1079 580 igitur
1104 527 1137 566 si
1164 541 1293 567 verum
1320 531 1396 576 est,
1429 528 1531 579 quod

276 615 386 642 nemo
419 601 546 654 paullo
587 600 731 653 acutior
771 599 983 640 admonitus
1016 598 1222 648 dubitabit,
1263 603 1308 639 ut
1340 614 1435 639 nova
1466 614 1532 639 no-

276 673 334 714 bis
374 673 589 727 reperienda
631 672 840 726 supersint,
888 672 1073 725 ingenuus
1117 671 1285 725 profecto
1329 676 1387 711 est
1429 671 1533 711 labor

278 750 444 785 veterum
478 749 740 791 monumenta,
770 759 864 797 quae
890 745 931 784 in
963 758 1070 784 omne
1111 748 1258 796 tempus
1287 743 1412 783 futura
1446 749 1534 782 sunt

277 832 441 857 summae
478 817 720 857 humanitatis
751 817 976 869 principium
1013 820 1051 855 et
1086 816 1190 864 fons,
1227 815 1441 855 inveteratis
1471 829 1534 855 ne-

276 890 481 943 gligentiae
516 889 774 940 stultitiaeque
810 888 982 928 sordibus
1017 889 1072 927 ita
1107 901 1265 940 purgare
1301 890 1344 926 ut
1374 887 1535 939 pristina

276 962 361 1002 luce
393 962 499 1014 quasi
526 961 835 1014 resplendescant.
873 960 1076 1012 *Equidem
1110 963 1228 1010 certe,
1266 959 1298 999 si
1324 973 1400 999 non
1427 959 1534 1012 plane

277 1034 379 1074 deest
406 1034 552 1087 pulchri
587 1034 741 1085 verique
779 1046 909 1072 sensus
936 1032 1106 1085 viresque
1144 1031 1397 1086 suppeditabit
1434 1035 1534 1071 aetas

278 1111 315 1147 et
337 1121 412 1147 non
440 1107 650 1146 intermissa
677 1107 883 1146 studiorum
912 1106 1147 1155 exercitatio,
1173 1106 1305 1145 lubens
1333 1105 1533 1157 aliquando

277 1179 317 1218 in
356 1180 425 1219 hac
468 1180 651 1232 palaestra
693 1183 882 1219 certarem.
937 1180 1113 1230 Namque
1154 1182 1298 1218 constat
1341 1192 1415 1229 quo
1457 1191 1533 1217 rec·

278 1251 355 1290 tius
392 1251 549 1303 quisque
586 1255 624 1290 et
660 1252 706 1291 de
743 1251 898 1291 aliorum
932 1251 971 1290 in
1002 1254 1080 1290 arte
1113 1251 1242 1290 critica
1277 1251 1440 1290 inventis
1467 1264 1533 1303 po·

278 1324 355 1363 tuit
387 1324 551 1363 iudicare
586 1328 623 1363 et
658 1324 736 1376 ipse
778 1328 948 1376 corrupta
989 1324 1030 1363 in
1070 1324 1214 1376 integra
1253 1323 1448 1362 restituere
1489 1337 1532 1363 eo

281 1396 412 1435 melius
439 1396 531 1447 quid
559 1396 753 1449 scriptores
780 1381 963 1436 voluerint
989 1400 1070 1435 tum
1097 1396 1324 1435 intellexisse
1351 1399 1430 1435 tum
1459 1396 1532 1436 dis-

281 1467 416 1520 cipulis
443 1468 653 1521 explicasse.

336 1540 398 1579 Ad
425 1541 686 1579 declarandum
713 1543 837 1579 autem
866 1554 977 1592 quare
1005 1540 1105 1579 hunc
1132 1541 1341 1593 scripserim
1366 1541 1533 1580 libellum

281 1626 399 1666 pauca
435 1613 619 1653 monuisse
661 1612 857 1654 suffecerit.
913 1612 1001 1652 Non
1038 1613 1072 1652 is
1106 1627 1188 1652 sum
1223 1613 1288 1665 qui
1325 1613 1533 1653 existimem

281 1699 340 1724 me
374 1685 555 1724 curriculo
593 1686 800 1724 academico
834 1685 986 1724 decurso
1027 1681 1101 1725 iam
1142 1686 1196 1724 sic
1232 1686 1321 1724 satis
1354 1686 1400 1724 ab
1432 1686 1534 1724 omni

282 1762 384 1811 parte
415 1762 586 1811 paratum
624 1772 702 1798 esse
736 1759 783 1798 ad
827 1762 942 1798 artem
984 1759 1237 1798 difficillimam
1274 1759 1532 1808 exercendam,

282 1843 368 1869 cum
400 1830 496 1869 nihil
527 1828 645 1882 magis
682 1844 725 1870 ex
763 1831 877 1870 animi
915 1832 1097 1871 sententia
1139 1835 1307 1885 exoptem
1345 1846 1455 1884 quam
1494 1836 1536 1872 ut

282 1917 409 1942 omnes
437 1903 651 1955 intelligant
679 1904 840 1943 discendi
860 1919 937 1943 non
962 1905 1119 1943 docendi
1148 1919 1259 1943 causa
1287 1919 1344 1944 me
1371 1906 1411 1944 id
1440 1911 1536 1944 aeta-

281 1973 331 2012 tis
374 1974 414 2013 in
447 1974 637 2027 scriptoris
679 1976 834 2028 gradum
877 1976 1097 2016 ascendisse.
1153 1976 1286 2016 Effecit
1328 1977 1417 2016 haec
1458 1977 1537 2031 ipsa

281 2047 478 2097 cogitatio,
508 2047 596 2085 dum
625 2047 696 2086 alia
723 2061 870 2099 quoque
896 2053 1112 2100 argumenta
1135 2053 1173 2087 et
1195 2050 1360 2088 novitate
1387 2053 1425 2088 et
1454 2064 1536 2088 sua—

280 2119 394 2157 vitate
424 2118 528 2158 valde
557 2119 647 2158 mihi
676 2120 903 2169 arridebant,
933 2125 976 2159 ut
1005 2121 1214 2161 rationibus
1237 2121 1431 2161 subductis
1459 2137 1535 2161 om-

279 2191 384 2230 nium
422 2191 663 2231 utilissimum
700 2193 867 2233 duxerim
905 2193 1126 2246 insigniores
1165 2194 1439 2234 observationes
1472 2209 1535 2248 pa·

278 2264 568 2316 laeographicaS‚
611 2278 703 2315 quas
733 2280 754 2304 a
793 2266 947 2304 summis
984 2266 1124 2304 criticis
1161 2266 1379 2314 didiceram,
1409 2268 1536 2307 ordine

279 2336 439 2388 quodam
467 2350 672 2386 recensere,
701 2337 838 2377 additis
870 2338 1045 2391 exemplis
1073 2353 1118 2378 ex
1154 2339 1316 2391 probatis
1349 2341 1534 2393 scriptori·

278 2407 348 2447 bus
376 2409 695 2457 emendat-ionum,
721 2423 815 2462 quae
839 2423 884 2449 ex
911 2410 969 2448 his
999 2410 1166 2450 fontibus
1195 2416 1404 2452 manarunt.
1445 2411 1533 2451 an-

279 2485 398 2520 terum
431 2482 462 2520 si
505 2482 600 2521 forte
643 2487 747 2521 erant
782 2483 919 2522 leviora
957 2482 1156 2533 quaedam,
1193 2497 1288 2533 quae
1325 2485 1403 2535 ipse
1440 2485 1532 2523 mihi
